4517 5875
786 522 845 599 62
1118 498 1746 598 orsnrvrrtu

927 737 962 841 s.
992 740 1036 821 6.
1072 728 1135 846 Si,
1148 734 1226 818 iam
1261 734 1569 847 contemplemur
1599 736 1733 819 seriem
1760 730 1904 818 horum
1938 726 2075 821 nuruc.¹
2223 781 2224 800 r

724 942 734 963 ,
790 890 917 952 rorum
957 894 995 971 1,
1032 892 1075 970 p,
1107 894 1151 969 4,
1182 884 1225 963 7,
1256 869 1313 966 6,·
1340 887 1409 967 re,
1444 870 1487 959 8,
1522 883 1590 970 ις,
1628 890 1701 971 13,
1733 874 1804 969 ιθ,
1835 890 1905 971 12,
1925 876 1978 950 28
2000 884 2073 948 etc.

624 1022 630 1033 ·
744 1030 750 1037 ·
792 1018 907 1104 quam
940 993 1110 1077 semmae
1143 987 1349 1073 diuisbrutn
1384 996 1554 1074 nrmeris
1581 991 1741 1075 naturali
1771 992 1904 1074 ordine
1946 1016 2074 1099 proce·

792 1120 967 1208 dentibus
999 1118 1267 1229 respondentes
1297 1118 1563 1221 constituunt,
1615 1139 1697 1200 non
1730 1116 1850 1201 solmn
1874 1117 1984 1202 nufla
2014 1117 2079 1201 lex

792 1247 1060 1365 progreffionie
1089 1265 1230 1355 patet,
1273 1242 1336 1326 sed
1368 1248 1483 1327 ordo·
1500 1242 1640 1329 borrurr
1672 1268 1921 1336 numerorum
1951 1264 2082 1329 tauto·

792 1398 888 1490 pere
934 1374 987 1458 est
1040 1376 1308 1487 perturbatus,
1354 1392 1401 1453 rt
1450 1369 1544 1454 nulli
1594 1370 1740 1482 prorsus
1777 1371 1856 1481 legi
1886 1370 2082 1455 adstrictus
2225 1399 2226 1408 ¹

790 1504 984 1589 rideatur.
1062 1495 1317 1611 Quinetiam
1352 1495 1447 1577 haec
1479 1496 1584 1579 series
1615 1500 1796 1582 ordinem
1830 1523 2085 1583 numerorum

793 1634 1014 1742 primorum
1049 1621 1251 1709 manifesto
1282 1618 1487 1731 implicat,
1536 1646 1628 1707 cum
1666 1627 1854 1706 terminus
1889 1628 2085 1709 indicitrr
2226 1695 2227 1704 t

791 1755 854 1843 seu
877 1746 937 1868 sn
971 1752 1090 1838 totiea'
1118 1748 1164 1833 sit
1193 1772 1295 1831 :n
1317 1766 1382 1843 -t-
1409 1776 1459 1851 1,
1507 1751 1656 1859 quoties
1684 1776 1710 1832 n
1739 1750 1989 1837 estnumerus
2005 1752 2085 1862 pri.

793 1908 912 1993 tnus;
945 1876 1089 1996 consite
1117 1898 1263 1985 autem,
1292 1892 1473 1959 numeros
1505 1878 1654 1986 primos
1684 1876 1791 1960 nulio
1818 1876 1940 1962 adhuc
1960 1878 2088 1963 modo

708 2078 713 2087 .
793 2012 841 2097 ad
874 2028 1020 2095 certam
1055 2004 1247 2115 quandam
1280 2003 1551 2115 pmgtessionis
1578 2004 1701 2113 legem
1720 2007 1888 2089 reuocari
1906 2004 2087 2116 potuisse.

734 2216 736 2220 .
793 2132 899 2225 Cum
935 2127 1067 2222 autem
1100 2132 1225 2215 nostra
1255 2128 1361 2214 stries
1390 2156 1466 2214 uon
1500 2131 1618 2217 solum
1651 2154 1899 2218 uumemrum
1932 2133 2088 2245 primo·
2228 2237 2229 2250 Ν

716 2304 717 2309 ¹
792 2290 914 2369 rum,
946 2260 1153 2347 sedetiam
1187 2260 1371 2343 omniurn
1403 2258 1630 2369 reliquorum
1659 2284 1941 2361 numerorum,
1985 2284 2092 2370 qua·

794 2408 905 2479 tenus
936 2414 990 2475 cx
1023 2388 1164 2500 primis,
1189 2384 1274 2470 sunt
1302 2386 1538 2506 compositi,
1570 2388 1759 2471 rationem
1792 2384 2094 2499 compiductor,
2220 2485 2227 2502 ,

797 2520 880 2605 eius
907 2516 978 2603 lex
1010 2514 1136 2627 multo
1166 2515 1284 2598 etiam
1319 2510 1515 2596 difficilior
1545 2511 1710 2599 inuentu‘
1740 2515 1920 2624 uidetur,
1965 2536 2094 2626 quam

702 2698 704 2703 ·
794 2645 908 2764 ipfius
939 2641 1046 2733 seriei
1078 2650 1329 2730 numerorum
1358 2638 1594 2753 primorum.

945 2902 979 3000 ς.
1032 2916 1077 2998 7.
1125 2896 1238 3010 Quae
1267 2918 1359 2980 cunr
1389 2895 1441 2981 ita
1473 2893 1576 3000 sint,
1624 2916 1704 2978 non
1736 2916 1872 3006 pamm
1901 2896 2095 3010 equidem

798 3027 900 3120 mibi
931 3025 1121 3112 scientiam
1152 3046 1404 3107 numerorum
1438 3018 1676 3132 pmmouisi'e
1708 3025 1863 3131 uideor,
1890 3030 1987 3112 dum
2007 3049 2098 3110 cer·

799 3143 881 3244 tarn
914 3174 1026 3266 atque
1056 3153 1293 3237 constantem
1333 3149 1477 3260 legem‘
1499 3149 1663 3254 detexi,
1710 3151 1914 3237 secundum
1963 3177 2099 3266 quam

797 3268 958 3371 termini
1003 3277 1110 3364 seriei
1142 3275 1361 3389 propositae
1398 3303 1444 3375 r,
1478 3294 1533 3378 3,
1562 3306 1615 3382 4,
1648 3298 1702 3382 7,
1734 3285 1787 3380 6,
1818 3300 1894 3379 etc.
1928 3303 2099 3392 progne.

799 3413 973 3520 diantur,
1005 3409 1059 3491 ita
1088 3425 1134 3492 rt
1163 3427 1236 3515 per
1266 3405 1365 3486 banc
1397 3401 1524 3511 legem
1557 3404 1713 3513 quilibet
1746 3405 1844 3490 istius
1871 3406 1980 3490 serici
2015 3429 2099 3490 tet·

687 3533 692 3540 ’
798 3545 928 3626 minus
976 3557 1028 3618 ex
1079 3529 1389 3647 praecedentibus
1425 3527 1578 3614 definiri
1616 3531 1758 3642 possut,
1806 3535 1934 3617 iuueni
1966 3535 2103 3641 enirn,

797 3667 904 3778 quod
944 3664 1065 3773 mugit
1098 3659 1244 3746 mirum
1278 3658 1480 3762 uideatur,
1528 3655 1790 3742 bancseriem
1822 3661 1938 3746 adid
1969 3683 2105 3774 genus

800 3787 1109 3906 progressionum
1145 3785 1359 3898 pertinere,
1391 3807 1489 3895 qnae
1518 3805 1753 3868 recurrentes
1783 3789 1911 3871 uocari
1940 3787 2014 3872 scri·
2028 3809 2104 3900 ηις

802 3939 843 4003 et
874 3939 1034 4028 quatum
1066 3937 1197 4000 natura
1227 3915 1281 4032 ita
1312 3909 1368 3995 est
1397 3931 1652 4032 comparate,
1692 3909 1738 3996 u't
1766 3911 1923 4024 quilibet
1953 3919 2103 4000 temri-

801 4066 873 4160 nus
903 4067 955 4126 cx
986 4043 1299 4153 praecedentibus
1325 4037 1526 4124 &undum
1564 4059 1705 4124 certam
1756 4042 1936 4150 quandam
1993 4042 2107 4128 rela-

806 4170 923 4266 tionis
950 4170 1136 4287 rationem
1168 4168 1456 4252 detemrinetur.
1515 4163 1615 4282 Quis
1643 4186 1770 4253 autem
1801 4191 1971 4278 unquam
2012 4193 2111 4254 cre·

808 4297 945 4380 diderit
990 4295 1089 4380 hane
1135 4290 1265 4377 seriem
1315 4300 1519 4404 tantopore
1570 4297 1858 4403 perturbatam,
1908 4313 1951 4378 et
1997 4319 2109 4404 quae

807 4407 900 4512 tum
928 4415 1088 4510 seriebus
1117 4404 1385 4542 ¹recurrentibus
1413 4420 1509 4508 nihii
1537 4419 1651 4537 piane
1694 4445 1903 4512 commuue
1948 4419 2115 4506 babere

1061 4581 1064 4588 ¹
1921 4550 2115 4663 ridetur,
