4517 5875
1318 484 1354 617 rt
1390 494 1513 615 24ll

566 862 568 869 ψ
784 742 1183 901 PHYSlCO
1208 700 2029 909 -MATHEMATICA-

1384 1040 1413 1133 1

1000 1236 1094 1356 De
1109 1307 1124 1367 χ
1146 1232 1402 1357 Cochlea
1448 1226 1838 1357 Archimedis.

941 1402 1203 1529 Auctore
1258 1407 1331 1531 L.
1383 1402 1607 1567 Eulem.
1642 1446 1706 1569 p.
1749 1400 1882 1569 289.

763 1710 907 1990 Inter
939 1786 1138 1878 Machinas
1170 1789 1276 1906 aquis
1301 1791 1525 1879 hauriendis
1556 1788 1772 1896 destinatas,
1802 1787 1959 1877 cochlea
1978 1792 2057 1880 Ar·

732 1988 735 1993 .
855 1919 1063 2018 chimenis,
1095 1944 1185 2001 cuin
1219 1920 1271 2002 ob
1300 1923 1586 2029 antiquitatem,
1618 1938 1701 2002 tum
1719 1920 2055 2032 hequentiffimnm

762 2048 893 2148 usum,
923 2054 1100 2129 maxime
1133 2046 1185 2129 eli
1216 2051 1399 2159 cognita,
1433 2070 1477 2131 nt
1506 2052 1579 2131 rix
1615 2048 1718 2131 ullus
1744 2071 1873 2133 rerum
1892 2046 2053 2153 hydrau-

761 2168 916 2255 licarum
949 2157 1102 2281 'scriptor
1145 2181 1398 2283 reperiatur,
1435 2178 1501 2283 qui
1549 2178 1634 2256 eins
1681 2181 1924 2258 mentionem
1974 2199 2054 2258 non

763 2294 889 2380 faciat.
952 2297 1035 2415 Qua
1068 2319 1198 2382 autem
1232 2306 1377 2385 ratione
1408 2326 1506 2407 aqua
1538 2300 1759 2403 hauriatur,
1808 2321 1848 2385 et
1897 2320 2054 2409 quantae

763 2424 861 2507 rires
888 2427 939 2507 ad
970 2450 1060 2508 eam
1093 2428 1311 2533 agitandam
1334 2438 1592 2531 requirantur,
1626 2448 1671 2510 rt
1697 2431 1790 2510 data
1802 2452 1924 2537 aquae
1936 2430 2055 2539 copia

756 2554 810 2635 ad
841 2542 967 2635 datam
997 2554 1243 2636 altitudinem
1277 2556 1476 2658 elenetur‚
1507 2577 1629 2639 nemo
1656 2552 1739 2641 sere
1765 2560 1962 2666 quisquam
1983 2557 2051 2639 de-

760 2682 964 2761 terminare
989 2680 1047 2759 est
1076 2702 1258 2785 curans,
1288 2685 1346 2762 ita
1375 2701 1441 2769 ut,
1468 2678 1562 2765 [iad
1592 2682 1803 2767 Theoriam
1821 2682 2052 2793 [pedemuq

762 2804 859 2889 haec
892 2806 1068 2889 machina
1102 2804 1210 2887 nobis
1232 2802 1369 2889 adhuc
1418 2808 1584 2891 omnino
1629 2810 1817 2921 incognita
1853 2808 1915 2911 ufir
1960 2837 2055 2894 nen·

759 2930 884 3016 senda.
951 2932 1037 3017 linc
1067 2934 1206 3016 scilicet
1236 2930 1356 3017 fatum
1388 2961 1474 3020 curn
1502 2938 1693 3048 -pletisque
1734 2939 1816 3020 aliis
1854 2934 2053 3023 Machinia

760 3082 967 3144 commune
998 3064 1145 3167 habet,
1179 3082 1223 3144 nt
1251 3065 1373 3146 multo
1402 3085 1490 3145 ante
1525 3062 1585 3145 vlit
1602 3065 1713 3147 fuerit
1730 3084 1876 3170 recepta
1898 3129 1909 3166 ,
1934 3081 2050 3176 quam

761 3193 911 3272 tatione
945 3193 1158 3297 explorata.
1224 3191 1390 3276 Tantum
1409 3195 1561 3302 quidem
1596 3193 1719 3295 abest,
1749 3214 1793 3274 vt
1825 3191 2052 3301 reliquantm
2193 3217 2228 3260 κ

762 3313 1028 3402 Machinamm
1062 3318 1363 3424 hydraulicarnm
1406 3317 1615 3430 persenam
1667 3318 1873 3401 habeamus
1918 3320 2055 3429 cogni-

761 3444 944 3546 tionem,
981 3465 1022 3526 vr
1056 3449 1183 3552 potius
1213 3447 1380 3529 Theoria
1412 3447 1483 3528 uix
1517 3446 1612 3526 vltra
1646 3450 1765 3554 prima
1799 3448 1989 3530 elementa
2007 3448 2054 3534 fit

762 3571 941 3654 exculta:
981 3569 1127 3674 Verum
1166 3577 1217 3657 de
1251 3568 1422 3656 Cochlea
1455 3571 1703 3654 Archimedis
1729 3572 1834 3656 lateri
1858 3579 2051 3683 angimur,

760 3721 831 3778 nns
865 3697 931 3779 vix
963 3700 1165 3808 quidquam
1199 3702 1247 3782 de
1279 3702 1455 3805 ratione,
1482 3702 1543 3781 cui
1593 3701 1802 3784 attrocius
1848 3703 2050 3809 innititur,

646 3929 648 3936 Ι
762 3823 983 3930 intelligere.
1048 3827 1147 3908 Non
1179 3829 1227 3909 ira
1260 3832 1408 3936 pridem
1441 3829 1545 3907 enim
1574 3827 1736 3911 demum
1787 3851 1873 3908 nera
1896 3850 2054 3919 -motus

761 3949 964 4032 fluidomm
1000 3949 1187 4063 Theoria
1203 3954 1278 4035 coli
1312 3955 1367 4037 est
1415 3977 1549 4060 coepta
1587 4017 1599 4055 ‚
1646 3979 1737 4034 cum
1788 3951 1952 4036 antehac
2003 3981 2052 4041 no

764 4076 889 4182 prima
925 4079 1077 4182 quidem
1109 4080 1188 4163 eius
1219 4082 1405 4190 principia
1438 4077 1588 4161 fuissent
1636 4082 1817 4186 cognita,
1868 4098 1905 4159 et
1954 4107 2052 4188 qaae

763 4199 883 4282 adhuc
902 4201 941 4282 in
959 4227 1000 4282 ea
1039 4210 1119 4285 lunt
1153 4205 1308 4288 summo
1341 4209 1460 4290 studio
1490 4209 1709 4313 explorata,
1738 4231 1808 4288 vix
1827 4205 2051 4312 fimpliciffi-

766 4327 841 4406 nris
876 4326 1066 4410 Machinis
1115 4331 1342 4436 hydraulicis
1391 4334 1505 4415 solide
1552 4333 1786 4440 explicandis
1849 4331 2047 4420 sufficient.

765 4445 936 4538 Cochlea
982 4475 1110 4544 autem
1161 4459 1407 4543 Archimedis
1453 4461 1617 4542 omnino
1663 4459 1726 4546 ad.
1762 4460 1897 4544 intima
1944 4463 2054 4549 huius

978 4609 982 4618 ’
1932 4590 2053 4672 leiensi
