4517 5875
231 546 313 635 DE
332 522 633 635 MEYHODO'
645 526 1377 638 nlOPllANTEAh‘ANA'LOGA'
1406 538 1467 648 ις’

183 774 257 867 da.
272 771 496 882 llafficiuat;
553 796 669 887 eaque
699 774 762 861 hia
790 760 982 889 quantum
1016 792 1189 887 potero,
1225 776 1393 863 breuiter
1428 778 1470 880 el

185 892 355 987 dilucide.
379 922 596 1013 exponam,
625 930 700 1017 quq
730 907 910 1009 aliorum,
944 908 1023 1017 qui·
1039 907 1078 989 ia
1112 896 1189 991 huc
1221 924 1361 1019 genere
1389 902 1484 986 elass.

183 1030 319 1115 bonate
354 1034 555 1124 voluerint,
589 1026 701 1141 iapera
734 1052 1013 1144 promoueatur
1039 1046 1082 1115 a'e
1111 1032 1338 1117 subleuetu'r.
1439 1121 1441 1128 ,

199 1236 204 1245 .
338 1160 402 1261 Vt¹
422 1160 535 1266 igitur
564 1160 735 1267 primum
775 1160 946 1243 indolem
982 1178 1021 1241 et
1052 1176 1225 1243 naturam
1257 1160 1365 1242 huius
1398 1157 1471 1242 no'*

184 1309 253 1369 uae
288 1285 465 1384 methodi
515 1284 715 1390 definiam,
747 1312 797 1371 ea·
824 1312 875 1370 ex
903 1286 1152 1371 similitudine>
1179 1288 1358 1371 methodi
1389 1286 1476 1367 dio'·

185 1412 374 1521 phanteae
404 1414 724 1525 commodiffim'e‘
754 1434 908 1525 petetur.
995 1416 1333 1529 Quemadmodum
1368 1410 1475 1495 en'im

136 1651 137 1657 Ν
181 1540 388 1626 methodus
436 1538 688 1651 Diophantus
737 1544 784 1627 ad
826 1542 1065 1651 Problemata
1095 1542 1392 1626 indeterminata
1422 1536 1476 1624 est

184 1670 518 1772 accommodata,
564 1689 676 1778 atque
706 1691 759 1752 ex
792 1670 934 1753 infinita
965 1659 1207 1752 solutionum
1233 1667 1475 1752 multitudine

186 1818 251 1877 eas
283 1796 433 1879 elicere*
449 1794 593 1899 docet,
635 1818 732 1903 quae
771 1796 1048 1907 quantitatibus·
1074 1786 1314 1878 rationalibus
1350 1780 1478 1888 couti·
1574 1902 1579 1909 Ι

187 1942 377 2005 neantur:
420 1922 471 2003 ita
511 1942 609 2003 noua
647 1920 770 2005 nostra
803 1922 1008 2007 methodus
1049 1948 1219 2034 quoque·
1238 1920 1384 2005 nonnisi
1417 1923 1477 2004 ia*

187 2048 439 2133 determinata
469 2046 711 2157 problemata
751 2051 1054 2161 complectitur-3
1096 2070 1137 2133 et
1176 2076 1265 2133 cum
1298 2051 1479 2134 discrimi-

191 2176 244 2284 ni,
275 2178 375 2287 quod
410 2176 448 2257 in
490 2175 628 2279 analyh
669 2175 867 2261 finitorum
898 2180 996 2261 inter
1027 2180 1251 2287 quantitates
1280 2178 1485 2261 rationales

191 2322 233 2385 et
264 2302 385 2389 surdas
413 2302 513 2387 statui
545 2298 653 2409 solet,
684 2306 721 2387 in
754 2298 899 2411 analusr
918 2307 1155 2389 infinitorum
1188 2306 1389 2388 discrimen
1421 2309 1479 2403 ln,-

186 2436 250 2514 'ter
282 2434 500 2543 quantitates
547 2430 769 2539 algebtaicas
818 2460 862 2516 ac
903 2435 1207 2517 transcendentes
1245 2425 1480 2541 respondeat,

190 2574 310 2645 notrae
353 2560 499 2645 nolitne
532 2558 709 2643 methodi
757 2562 819 2643 uis
848 2564 885 2643 iu
926 2562 1003 2644 hnc
1035 2564 1105 2644 erit
1138 2561 1287 2673 posita,
1322 2581 1381 2641 -ιι
1429 2581 1482 2641 eat
1518 2646 1523 2655 .

189 2686 340 2773 iuhnita
388 2690 566 2795 cuiusque
600 2688 842 2795 problematis
872 2688 1101 2771 solutionum
1134 2689 1276 2797 copia,
1325 2711 1394 2769 eae
1428 2691 1484 2789 lay

190 2836 421 2913 actitantur,
478 2838 572 2922 quae
630 2816 893 2923 quantitatibus
940 2814 1154 2921 algebrtticis
1202 2803 1480 2897 contineantur.

190 2939 424 3030 Huiusmodi
484 2942 604 3047 igitur·
656 2943 894 3049 problemata
953 2926 1254 3024 indeterminata·
1288 2943 1506 3062 methodo

190 3069 339 3158 nuhrae
369 3065 453 3149 litat
487 3067 660 3175 proprias
678 3085 873 3178 quorum
891 3065 1029 3152 solutio
1045 3072 1084 3152 in
1118 3087 1259 3176 genere
1294 3093 1483 3179 concepta

189 3193 382 3286 ibamulas
386 3195 722 3294 transcendentes,
736 3188 799 3278 seu
831 3197 1029 3303 integrales
1057 3195 1237 3301 inuoluit,
1256 3218 1318 3280 ear
1351 3194 1484 3307 quiba's
1567 3221 1574 3236 '

189 3327 371 3434 deinceps
417 3347 485 3406 eos
518 3320 616 3405 casus
650 3322 734 3405 elici
768 3341 950 3432 oportet,
983 3327 1113 3446 quibus
1143 3327 1365 3440 quantitates
1398 3321 1484 3407 illa'e

194 3453 517 3538 transcendentes
548 3449 588 3532 in·
620 3449 843 3562 algebraicaa
876 3449 1044 3558 abeunt,
1095 3449 1169 3555 seu,
1208 3452 1309 3560 qood
1342 3445 1486 3535 eodem

190 3583 306 3689 redit,
339 3577 526 3662 formulae
557 3578 644 3684 illae
677 3581 870 3689 integrales
902 3581 1200 3696 integrationem
1235 3579 1452 3663 admittant

190 3787 195 3794 .
347 3689 417 3792 Pei
449 3679 677 3814 exemplum
713 3725 792 3790 tam
836 3707 1117 3791 autumnalia
1138 3731 1260 3789 nouae
1292 3707 1485 3814 methodi,

190 3861 311 3950 quatu
358 3835 457 3920 eius
485 3831 651 3921 affinitas
683 3855 774 3918 cutn
824 3821 1011 3920 methodo
1058 3833 1308 3944 dioplr'aut'ca
1354 3836 1512 3918 chrias

189 3967 392 4052 elucescet.
469 3961 538 4046 Vti
570 3966 677 4045 emm
708 3963 969 4047 intmuhoau
998 3963 1233 4072 diophantea
1264 3956 1390 4072 quaeri
1422 3959 1488 4045 so·-

187 4091 283 4197 let,
314 4091 517 4204 quomodo
543 4091 787 4198 ‘quantitates‘
834 4117 873 4178 x·
891 4109 979 4198 ety
1011 4093 1106 4172 inter
1152 4090 1191 4170 l‘e'
1220 4090 1382 4172 debeant
1413 4079 1488 4176 eui
1526 4099 1534 4121 '

191 4242 462 4367 comparatae,
492 4238 536 4304 ιι
570 4215 665 4302 h'aae
698 4217 861 4303 formula
894 4211 1178 4326 Visite-hay)
1211 4216 1277 4301 fiat
1315 4221 1489 4302 rationu*

188 4349 279 4454 lis,
329 4349 377 4432 ita
426 4351 468 4432 ia
515 4371 649 4430 noua
648 4347 809 4430 nollra
824 4346 1015 4444 methodo
1044 4345 1130 4430 huic
1161 4345 1292 4435 similis
1310 4343 1393 4430 etit
1425 4339 1490 4430 lua

180 4475 398 4670 quaestio,
416 4503 508 4591 qua
502 4475 620 4616 inter
637 4477 858 4588 muneratas
887 4475 1081 4560 variabiles
1109 4503 1141 4562 x
1171 4496 1262 4582 ety
1295 4503 1340 4561 ea
1374 4469 1489 4594 quae-

936 4599 1097 4712 La
1394 4603 1594 4729 tituta·
1722 4602 1725 4610 ’
