4517 5875
329 401 892 602 ¹,otsscnittu’antstt
927 466 1355 600 auscultato.
1393 508 1510 592 aas

211 709 282 795 hac
315 703 516 796 molestiae
535 703 653 796 multa
683 709 883 820 voluptate
916 714 1078 823 perficias
1109 713 1221 821 sum,
1271 716 1424 826 qnando
1452 718 1522 801 iu..

40 877 41 886 Ν
175 923 176 926 a
211 865 391 922 numeros
439 841 626 924 elttsmndi
673 841 775 934 sueni
807 866 974 944 acernus,
1019 845 1083 954 qui
1117 845 1322 954 plurimam
1354 866 1508 962 partem

202 963 478 1078 ;Ccratucarpo
511 969 752 1071 constabant,
783 970 920 1061 intueri
951 974 1069 1056 llcuit.
1137 1066 1141 1073 ,

360 1097 477 1212 Quod
510 1095 671 1180 internas
703 1097 918 1182 animalculi
953 1119 1077 1206 parces
1125 1101 1347 1209 concernit,
1396 1107 1507 1189 oeso-
1583 1127 1587 1132 ’

199 1223 385 1331 Ῥὴπςιιε,
420 1226 476 1304 vti
506 1223 544 1302 in
577 1220 712 1329 lepore
742 1243 782 1304 et
813 1227 997 1328 cuniculo,
1035 1224 1170 1307 medio
1203 1229 1416 1317 ventriculo
1446 1235 1504 1316 in·
1603 1232 1611 1241 ’

197 1351 352 1434 seritur.
419 1348 637 1434 Intestinnm
692 1369 851 1434 coecum
887 1353 1001 1438 breue
1031 1353 1278 1459 admodum,
1327 1358 1386 1441 led
1418 1386 1504 1443 am·

208 1476 319 1585 plum
363 1481 446 1585 est,
502 1479 543 1560 in
594 1476 799 1586 procellam
851 1479 1156 1588 vermiformen,
1208 1481 1303 1564 dnos
1343 1487 1502 1593 pollices

200 1607 394 1715 longam,
446 1609 593 1724 abiens,
654 1599 928 1692 Choledochus
961 1633 1061 1714 mox
1096 1609 1190 1690 insta
1223 1610 1406 1716 pylorum
1440 1617 1503 1699 in-

206 1734 388 1816 testinum
450 1733 555 1818 subit.
637 1733 771 1816 Veficn
823 1739 984 1820 urinaria
1035 1737 1170 1827 citrina
1206 1761 1311 1849 aqua
1371 1742 1496 1850 plena.

159 1849 164 1859 ’
205 1857 319 1945 Vteri
368 1860 469 1944 nulla
517 1861 626 1970 plane
677 1861 882 1946 distinctio,
948 1861 1098 1971 Vagina
1129 1864 1236 1962 enim
1271 1869 1409 1952 canalis
1440 1870 1495 1952 in·
1607 1937 1610 1944 .

206 1988 279 2074 ilar
312 1989 388 2073 stne
428 1990 512 2072 ullis
545 1985 715 2070 artificiis
745 1988 785 2069 in
820 1990 964 2098 pubem
999 2015 1113 2098 usque
1144 1992 1321 2101 protensa¹
1347 1996 1385 2076 in
1418 1996 1496 2080 duo
1599 2009 1605 2019 ’

203 2142 309 2202 mox
340 2142 479 2202 cornua
511 2114 714 2220 diuiditur,
747 2141 864 2224 quae,
900 2119 967 2201 vbi
999 2117 1141 2201 nunriis
1171 2121 1495 2230 appropinquant,

196 2247 339 2329 multas
387 2243 614 2328 inflexiones
660 2243 832 2350 iaciunt,
882 2261 922 2326 et
968 2243 1012 2327 in
1054 2245 1193 2328 ouatiis
1224 2248 1492 2348 terminantur.

197 2373 341 2458 Penem
374 2370 556 2458 masculus
584 2368 702 2450 habet
733 2367 818 2448 satis
844 2373 1064 2476 maguum,
1105 2373 1171 2451 eui
1199 2369 1295 2454 circa
1344 2375 1491 2464 velicae

182 2500 383 2584 'urinariae
419 2500 569 2581 collum
613 2491 795 2578 vesicula:
832 2493 1028 2578 seminales
1059 2497 1212 2579 unciam
1245 2521 1337 2582 cum
1369 2501 1492 2588 dimi·

174 2607 267 2712 dia
293 2627 449 2738 longae,
499 2620 660 2730 graciles
693 2637 736 2702 et
762 2622 1071 2707 extremitatibus
1098 2624 1262 2708 intortae
1289 2627 1482 2717 adiacent.

186 2756 384 2856 Foramen
414 2766 481 2836 aut
513 2749 609 2832 ianus
637 2748 817 2858 quosdam
849 2751 957 2844 iuter,
979 2777 1093 2836 anum
1125 2772 1168 2852 et
1201 2749 1339 2862 penem
1359 2762 1375 2862 ,'
1420 2776 1485 2844 aut

184 2885 294 2967 inter
324 2903 437 2965 anum
468 2895 509 2961 et
538 2875 706 2979 vatnam,
736 2877 843 2965 nullo
870 2878 997 2963 modo
1021 2881 1141 2989 potui
1168 2882 1406 2994 discernere,
1436 2884 1488 2973 li-

178 3029 258 3097 eet
290 3010 435 3119 qnasnls
465 3008 507 3089 in
539 3004 781 3111 indagatione
810 3005 876 3089 illa
907 3005 1066 3091 cautelas
1094 3005 1355 3095 adhibuerim.

310 3138 376 3221 Ex
399 3155 407 3165 ’·
426 3134 526 3219 hisce
557 3131 685 3243 palam
711 3132 795 3231 cll,
834 3134 1103 3219 animalculum
1134 3133 1215 3221 elle
1243 3136 1359 3247 plane
1387 3167 1480 3229 ano·

179 3265 353 3351 malum.
386 3258 572 3346 Auricnlis
586 3261 707 3343 enim
736 3260 926 3369 leporem,
956 3261 1080 3345 rostro
1107 3264 1274 3374 talanta,
1307 3265 1482 3377 longitu-

175 3392 279 3477 dine
310 3393 449 3477 caudae
486 3410 642 3473 murem
680 3405 722 3471 et
759 3410 874 3473 mute
918 3387 1112 3475 cuniculos
1157 3390 1331 3479 fodiendi
1369 3396 1477 3482 cuni-

176 3522 318 3605 culum
352 3517 478 3601 resen.
541 3514 705 3629 lntemis
732 3532 867 3601 antem
898 3516 1064 3625 pactibus
1094 3517 1192 3607 nihil
1220 3544 1312 3601 cum
1345 3545 1478 3607 recen.

177 3648 348 3733 satorum
379 3652 566 3757 generum
595 3640 853 3749 animalibus,
892 3662 1044 3751 praeter
1075 3642 1283 3754 oesophagi
1313 3647 1353 3729 in
1387 3673 1477 3731 me·

164 3776 294 3859 'dium
327 3773 586 3859 uentriculum
609 3769 873 3877 insenionem,
900 3794 1115 3855 commune
1166 3772 1233 3855 est.
1299 3768 1475 3863 Cuniculi

173 3904 407 3989 Americani
457 3898 615 4011 porcelli·
645 3899 725 4006 pilis
755 3917 796 3982 et
831 3922 927 3983 vnce
960 3896 1150 4005 Matgtau.
1182 3898 1322 3983 fabrica
1354 3902 1472 3987 intet-

163 4045 323 4117 'natum
358 4032 521 4139 partium
550 4016 598 4111 ab
628 4026 706 4109 hoc
738 4051 818 4110 nnn
851 4024 1028 4111 multum⁴
1047 4024 1240 4115 abludunt.
1301 4023 1378 4112 Sed
1427 4049 1470 4117 ct

171 4152 372 4244 haec-sni
405 4158 550 4265 genetis
577 4156 660 4239 sunt
688 4154 927 4238 animalcula.
1010 4154 1122 4266 Quae
1154 4179 1243 4237 cum
1277 4157 1328 4239 ita
1379 4156 1466 4263 lint,

153 4312 326 4403 *patum
359 4284 488 4397 abfuit,
519 4288 611 4397 quin
644 4278 709 4369 Cl.
743 4279 1106 4371 Messerschimidius
1135 4288 1355 4396 genericum
1390 4307 1467 4367 no·

804 4407 954 4518 Yya
1366 4436 1462 4498 mm
