4517 5875
763 470 962 601 ini
1076 504 1080 511 ·

350 732 543 830 Absolutis
572 736 662 843 hia,
696 738 744 826 ad
775 738 1079 828 considerandum
1112 762 1203 827 eum
1238 738 1397 853 casum,
1434 744 1502 834 tbi

208 862 312 952 ‘uires
327 888 468 950 omnes
484 874 525 955 in
543 871 654 957 iilum
672 888 829 979 agentes
847 872 944 953 inter
960 872 995 953 se
1014 870 1214 979 parallelae
1231 872 1334 981 sunt,
1351 872 1500 963 Clariis.

208 994 394 1101 Auctor,
423 998 578 1102 transit,
608 998 668 1079 cui
701 996 896 1102 postquam
926 1000 1073 1105 aptauit
1110 999 1317 1083 formulam
1347 1024 1501 1109 genera·

206 1118 293 1205 lem
313 1125 506 1225 „deducit
537 1146 591 1206 ex
630 1121 704 1231 ipti
734 1123 968 1205 catemariam
1008 1120 1247 1231 uulgarem,
1286 1146 1396 1237 atque
1435 1152 1508 1212 nun

206 1248 412 1357 uussarer.
443 1272 609 1359 quotum
647 1249 852 1331 nominum
887 1248 1034 1357 priori,
1064 1272 1183 1357 tam,
1210 1253 1271 1335 cui
1289 1250 1325 1335 se
1351 1258 1506 1363 adaptat

211 1372 320 1459 bium
353 1374 549 1461 turbamis
588 1376 711 1457 ubiuis
741 1374 912 1459 crassitiei
950 1437 962 1477 ‚
993 1375 1142 1483 altero,
1170 1400 1286 1487 quam
1313 1376 1506 1467 affumunt

208 1500 278 1587 fita
309 1502 471 1589 diueriae
502 1505 545 1587 in
567 1500 727 1587 ·diuetfis
766 1506 914 1615 punctis
943 1502 1145 1613 ctaffitiei,
1174 1506 1342 1591 denotat.

359 1752 508 1843 affines
553 1753 717 1863 denique
765 1748 855 1841 aliae
900 1754 1084 1869 qtasdam
1134 1778 1262 1843 curuar
1309 1755 1508 1875 inuestigat

212 1882 402 1985 buctor,
437 1882 620 1987 clasticam
660 1907 833 1990 nempe,
862 1910 976 1994 quam
1009 1884 1074 1969 sub
1106 1884 1348 1995 hypotheii,
1385 1911 1506 2003 expe-

213 2014 386 2099 rimentis
408 2009 685 2121 comprobata,
702 2028 816 2120 atque
850 2008 987 2096 Tom.⁸
1008 2008 1083 2099 111.
1117 2009 1505 2104 Commentariorum

214 2142 338 2229 actu.
375 2136 522 2221 nostrae
565 2160 641 2247 pag
684 2154 760 2235 71.
811 2137 982 2249 expofita
999 2202 1012 2246 ‚
1032 2162 1122 2223 cum
1141 2137 1320 2229 inermia
1343 2144 1503 2229 eandem

212 2266 572 2369 encoeniorum,
610 2284 720 2371 atque
757 2286 911 2351 curuata
931 2264 1141 2382 fornicibus
1167 2270 1405 2377 construendis
1435 2287 1506 2385 αρ-
1637 2323 1640 2329 ,

213 2408 324 2500 tam,
353 2416 468 2503 quam
511 2415 590 2473 non
628 2386 777 2497 solum,
807 2390 872 2478 sub
910 2392 1111 2502 hypothesi
1156 2392 1311 2481 fornicis
1354 2394 1506 2483 infinite

213 2524 364 2622 mauis,
392 2520 457 2603 ted
490 2521 607 2601 etiam
637 2520 746 2603 datae
774 2511 787 2627 ',
818 2522 871 2606 aii
910 2518 1114 2604 mriormia
1148 2522 1270 2605 ubiuis
1299 2521 1502 2636 traffiriei,

213 2675 305 2735 cum
325 2650 536 2734 Catenaria
566 2644 720 2756 uulgari
742 2709 754 2755 ,
800 2670 908 2761 atque
924 2649 965 2735 V
963 2646 1086 2731 elaria
1097 2638 1243 2750 secundi
1259 2642 1392 2762 casus,
1410 2674 1506 2737 cott-

206 2794 353 2885 gmere
370 2773 522 2885 probat.

822 2985 998 3119 vt'

432 3209 746 3342 Subiidr'um
800 3217 995 3338 calculi
1056 3208 1293 3344 sinuum.

381 3387 646 3512 Auctore
691 3389 755 3509 L.
800 3387 1007 3516 Eulero
1034 3425 1167 3556 pag.
1208 3395 1346 3550 164.

205 3680 438 3915 Diuersa
468 3719 607 3808 genera
639 3677 920 3807 quantitatum,
967 3695 1065 3780 eirca
1098 3721 1190 3802 quas
1220 3687 1392 3806 nnatytr
1423 3715 1510 3780 vet·

353 3819 448 3907 titur
479 3827 633 3908 diuersas
665 3823 785 3905 etiam
822 3815 961 3930 spectes
1000 3821 1134 3908 calculi
1161 3820 1345 3936 gignunt,
1370 3823 1409 3902 io
1434 3841 1513 3936 quo

208 3971 423 4067 praecepta
454 3957 501 4034 ad
544 3955 788 4062 quodcunque
820 3953 1072 4058 qrtantiturom
1091 3972 1208 4058 genus
1224 3946 1516 4037 accommodati

209 4086 363 4165 debent
446 4073 505 4162 Ita
556 4079 592 4158 in
638 4073 792 4182 Auulysr
841 4068 1068 4157 elementari
1118 4071 1318 4186 peculiaris
1361 4075 1518 4164 traditur

213 4205 479 4315 algorithmus
497 4191 521 4297 ,’
543 4223 622 4286 tam
679 4229 749 4312 pro
782 4197 1051 4303 finitionibus,
1082 4226 1198 4311 quam
1245 4205 1518 4288 irrationalibus

208 4336 509 4448 quantitatibus,
543 4329 749 4415 tradi-andis.
787 4325 897 4412 Idem
919 4329 983 4413 ui'u
1017 4333 1126 4414 uenit
1160 4328 1200 4412 in
1227 4327 1383 4436 Analysr
1409 4330 1518 4424 subii,

204 4464 376 4568 miori,
407 4463 472 4545 rbi
504 4483 593 4542 cum
624 4451 842 4568 lugurirhmi
876 4475 914 4540 et
946 4463 1172 4568 quantitates
1200 4455 1519 4568 exponentiaies,

723 4689 727 4702 ,
807 4577 844 4664 C
1384 4583 1518 4695 quibua
