<?xml version="1.0" encoding="UTF-8"?>
<!DOCTYPE html PUBLIC "-//W3C//DTD XHTML 1.0 Transitional//EN"
    "http://www.w3.org/TR/xhtml1/DTD/xhtml1-transitional.dtd">
<html xmlns="http://www.w3.org/1999/xhtml" xml:lang="en" lang="en">
 <head>
  <title>
</title>
<meta http-equiv="Content-Type" content="text/html;charset=utf-8" />
  <meta name='ocr-system' content='tesseract 3.04.00' />
  <meta name='ocr-capabilities' content='ocr_page ocr_carea ocr_par ocr_line ocrx_word'/>
</head>
<body>
  <div class='ocr_page' id='page_1' title='image "./novicommentarii13sssrgoog/novicommentarii13sssrgoog_0064.png"; bbox 0 0 4517 5875; ppageno 0'>
   <div class='ocr_carea' id='block_1_1' title="bbox 686 376 1886 608">
    <p class='ocr_par' dir='ltr' id='par_1_1' title="bbox 686 376 1886 608">
     <span class='ocr_line' id='line_1_1' title="bbox 686 376 1886 608; baseline 0.008 -64"><span class='ocrx_word' id='word_1_1' title='bbox 686 376 689 391; x_wconf 63' lang='grc'>’</span> <span class='ocrx_word' id='word_1_2' title='bbox 767 476 892 545; x_wconf 65' lang='grc' dir='ltr'><strong>ι,</strong></span> <span class='ocrx_word' id='word_1_3' title='bbox 1063 437 1748 608; x_wconf 70' lang='grc' dir='ltr'><strong>ιιιιιοιιιιιιιιιο</strong></span> <span class='ocrx_word' id='word_1_4' title='bbox 1846 471 1886 554; x_wconf 78' lang='grc' dir='ltr'><strong>ι</strong></span> 
     </span>
    </p>
   </div>
   <div class='ocr_carea' id='block_1_2' title="bbox 684 679 2217 2349">
    <p class='ocr_par' dir='ltr' id='par_1_2' title="bbox 684 679 2217 2343">
     <span class='ocr_line' id='line_1_2' title="bbox 718 679 2053 801; baseline -0.003 -24"><span class='ocrx_word' id='word_1_5' title='bbox 718 782 719 787; x_wconf 8' lang='grc' dir='ltr'><strong><em>Ν</em></strong></span> <span class='ocrx_word' id='word_1_6' title='bbox 767 705 844 777; x_wconf 81' lang='lat' dir='ltr'>etc.</span> <span class='ocrx_word' id='word_1_7' title='bbox 875 680 1133 797; x_wconf 73' lang='lat' dir='ltr'>subtrahatur,</span> <span class='ocrx_word' id='word_1_8' title='bbox 1178 688 1362 801; x_wconf 81' lang='lat' dir='ltr'>prodibit</span> <span class='ocrx_word' id='word_1_9' title='bbox 1383 686 1567 776; x_wconf 77' lang='lat' dir='ltr'>terminus</span> <span class='ocrx_word' id='word_1_10' title='bbox 1595 686 1777 798; x_wconf 82' lang='lat' dir='ltr'>generalis</span> <span class='ocrx_word' id='word_1_11' title='bbox 1807 680 1911 772; x_wconf 70' lang='lat' dir='ltr'>sttiei</span> <span class='ocrx_word' id='word_1_12' title='bbox 1942 679 2053 774; x_wconf 73' lang='lat' dir='ltr'>dine</span> 
     </span>
     <span class='ocr_line' id='line_1_3' title="bbox 767 808 2061 929; baseline -0.002 -24"><span class='ocrx_word' id='word_1_13' title='bbox 767 819 1000 923; x_wconf 72' lang='lat' dir='ltr'>neniarum,</span> <span class='ocrx_word' id='word_1_14' title='bbox 1031 818 1071 901; x_wconf 93' lang='lat' dir='ltr'>in</span> <span class='ocrx_word' id='word_1_15' title='bbox 1102 841 1184 927; x_wconf 93' lang='lat' dir='ltr'>qun</span> <span class='ocrx_word' id='word_1_16' title='bbox 1215 842 1416 929; x_wconf 78' lang='lat' dir='ltr'>exponens</span> <span class='ocrx_word' id='word_1_17' title='bbox 1446 818 1618 903; x_wconf 88' lang='lat' dir='ltr'>summae</span> <span class='ocrx_word' id='word_1_18' title='bbox 1648 817 1847 925; x_wconf 77' lang='lat' dir='ltr'>potestatis</span> <span class='ocrx_word' id='word_1_19' title='bbox 1869 808 1993 928; x_wconf 73' lang='lat' dir='ltr'>&#39;ipsus</span> <span class='ocrx_word' id='word_1_20' title='bbox 2025 836 2061 902; x_wconf 80' lang='lat' dir='ltr'>x-</span> 
     </span>
     <span class='ocr_line' id='line_1_4' title="bbox 769 941 2057 1063; baseline -0.001 -32"><span class='ocrx_word' id='word_1_21' title='bbox 769 949 843 1032; x_wconf 89' lang='lat' dir='ltr'>erit</span> <span class='ocrx_word' id='word_1_22' title='bbox 892 970 949 1029; x_wconf 73' lang='lat' dir='ltr'>z:</span> <span class='ocrx_word' id='word_1_23' title='bbox 982 969 1020 1029; x_wconf 89' lang='lat' dir='ltr'><em>m</em></span> <span class='ocrx_word' id='word_1_24' title='bbox 1037 968 1150 1055; x_wconf 53' lang='lat'>-71,</span> <span class='ocrx_word' id='word_1_25' title='bbox 1199 946 1360 1057; x_wconf 88' lang='lat' dir='ltr'>ideoque</span> <span class='ocrx_word' id='word_1_26' title='bbox 1396 946 1515 1063; x_wconf 85' lang='lat' dir='ltr'>seties</span> <span class='ocrx_word' id='word_1_27' title='bbox 1553 941 1850 1030; x_wconf 86' lang='lat' dir='ltr'>differentiarum</span> <span class='ocrx_word' id='word_1_28' title='bbox 1888 948 1937 1031; x_wconf 90' lang='lat' dir='ltr'>ad</span> <span class='ocrx_word' id='word_1_29' title='bbox 1970 968 2057 1057; x_wconf 83' lang='lat' dir='ltr'>gra·</span> 
     </span>
     <span class='ocr_line' id='line_1_5' title="bbox 764 1072 2201 1183; baseline -0.002 -23"><span class='ocrx_word' id='word_1_30' title='bbox 764 1074 865 1160; x_wconf 89' lang='lat' dir='ltr'>dum</span> <span class='ocrx_word' id='word_1_31' title='bbox 897 1073 1117 1158; x_wconf 85' lang='lat' dir='ltr'>inferiorem</span> <span class='ocrx_word' id='word_1_32' title='bbox 1150 1097 1189 1157; x_wconf 87' lang='lat' dir='ltr'><em>m</em></span> <span class='ocrx_word' id='word_1_33' title='bbox 1206 1099 1289 1153; x_wconf 88' lang='lat'>-1</span> <span class='ocrx_word' id='word_1_34' title='bbox 1333 1074 1547 1183; x_wconf 85' lang='lat' dir='ltr'>pertinebit.</span> <span class='ocrx_word' id='word_1_35' title='bbox 1633 1072 1718 1157; x_wconf 89' lang='lat' dir='ltr'>Pari</span> <span class='ocrx_word' id='word_1_36' title='bbox 1746 1072 1870 1159; x_wconf 88' lang='lat' dir='ltr'>modo</span> <span class='ocrx_word' id='word_1_37' title='bbox 1897 1098 1951 1157; x_wconf 84' lang='lat' dir='ltr'>ex</span> <span class='ocrx_word' id='word_1_38' title='bbox 1978 1094 2058 1157; x_wconf 78' lang='lat' dir='ltr'>tet-</span> <span class='ocrx_word' id='word_1_39' title='bbox 2198 1073 2201 1079; x_wconf 86' lang='grc'>’</span> 
     </span>
     <span class='ocr_line' id='line_1_6' title="bbox 767 1200 2061 1314; baseline -0.001 -26"><span class='ocrx_word' id='word_1_40' title='bbox 767 1205 881 1288; x_wconf 88' lang='lat' dir='ltr'>mino</span> <span class='ocrx_word' id='word_1_41' title='bbox 920 1203 1082 1314; x_wconf 87' lang='lat' dir='ltr'>generali</span> <span class='ocrx_word' id='word_1_42' title='bbox 1122 1202 1227 1285; x_wconf 84' lang='lat' dir='ltr'>seriei</span> <span class='ocrx_word' id='word_1_43' title='bbox 1266 1200 1579 1292; x_wconf 81' lang='lat' dir='ltr'>differentiarum.</span> <span class='ocrx_word' id='word_1_44' title='bbox 1607 1200 1819 1313; x_wconf 86' lang='lat' dir='ltr'>primarum</span> <span class='ocrx_word' id='word_1_45' title='bbox 1863 1201 2061 1313; x_wconf 81' lang='lat' dir='ltr'>colligetur</span> 
     </span>
     <span class='ocr_line' id='line_1_7' title="bbox 761 1327 2064 1445; baseline -0.001 -29"><span class='ocrx_word' id='word_1_46' title='bbox 761 1334 948 1417; x_wconf 82' lang='lat' dir='ltr'>terminus</span> <span class='ocrx_word' id='word_1_47' title='bbox 979 1329 1164 1439; x_wconf 86' lang='lat' dir='ltr'>generalis</span> <span class='ocrx_word' id='word_1_48' title='bbox 1195 1328 1301 1412; x_wconf 84' lang='lat' dir='ltr'>ieriei</span> <span class='ocrx_word' id='word_1_49' title='bbox 1329 1328 1644 1445; x_wconf 86' lang='lat' dir='ltr'>differentiarum.</span> <span class='ocrx_word' id='word_1_50' title='bbox 1664 1328 1907 1415; x_wconf 84' lang='lat' dir='ltr'>secundatum</span> <span class='ocrx_word' id='word_1_51' title='bbox 1929 1391 1942 1437; x_wconf 79' lang='lat'>,</span> <span class='ocrx_word' id='word_1_52' title='bbox 1995 1327 2064 1442; x_wconf 86' lang='lat' dir='ltr'>qui</span> 
     </span>
     <span class='ocr_line' id='line_1_8' title="bbox 763 1448 2217 1571; baseline -0.001 -27"><span class='ocrx_word' id='word_1_53' title='bbox 763 1457 879 1571; x_wconf 86' lang='lat' dir='ltr'>igitur</span> <span class='ocrx_word' id='word_1_54' title='bbox 909 1460 1039 1544; x_wconf 88' lang='lat' dir='ltr'>denuo</span> <span class='ocrx_word' id='word_1_55' title='bbox 1071 1459 1119 1542; x_wconf 90' lang='lat' dir='ltr'>ad</span> <span class='ocrx_word' id='word_1_56' title='bbox 1148 1458 1311 1567; x_wconf 84' lang='lat' dir='ltr'>gradum</span> <span class='ocrx_word' id='word_1_57' title='bbox 1341 1456 1613 1570; x_wconf 83' lang='lat' dir='ltr'>depteffinrem</span> <span class='ocrx_word' id='word_1_58' title='bbox 1638 1482 1676 1542; x_wconf 89' lang='lat' dir='ltr'><em>m</em></span> <span class='ocrx_word' id='word_1_59' title='bbox 1693 1499 1736 1518; x_wconf 88' lang='grc'>-</span> <span class='ocrx_word' id='word_1_60' title='bbox 1757 1482 1782 1539; x_wconf 88' lang='lat'>2</span> <span class='ocrx_word' id='word_1_61' title='bbox 1804 1458 2041 1565; x_wconf 74' lang='lat' dir='ltr'>pertinebit·</span> <span class='ocrx_word' id='word_1_62' title='bbox 2211 1448 2217 1453; x_wconf 68' lang='grc'>’</span> 
     </span>
     <span class='ocr_line' id='line_1_9' title="bbox 925 1572 2082 1695; baseline 0.003 -30"><span class='ocrx_word' id='word_1_63' title='bbox 925 1588 960 1689; x_wconf 83' lang='lat'>§.</span> <span class='ocrx_word' id='word_1_64' title='bbox 1002 1608 1077 1667; x_wconf 89' lang='lat'>·1·1.</span> <span class='ocrx_word' id='word_1_65' title='bbox 1120 1584 1181 1669; x_wconf 89' lang='lat' dir='ltr'>Ita</span> <span class='ocrx_word' id='word_1_66' title='bbox 1221 1582 1250 1668; x_wconf 87' lang='lat' dir='ltr'>st</span> <span class='ocrx_word' id='word_1_67' title='bbox 1282 1584 1393 1669; x_wconf 86' lang='lat' dir='ltr'>seties</span> <span class='ocrx_word' id='word_1_68' title='bbox 1421 1585 1616 1695; x_wconf 77' lang='lat' dir='ltr'>proposita</span> <span class='ocrx_word' id='word_1_69' title='bbox 1644 1586 1693 1668; x_wconf 89' lang='lat' dir='ltr'>ad</span> <span class='ocrx_word' id='word_1_70' title='bbox 1723 1586 1886 1695; x_wconf 81' lang='lat' dir='ltr'>gradum</span> <span class='ocrx_word' id='word_1_71' title='bbox 1907 1572 2082 1672; x_wconf 52' lang='lat' dir='ltr'>natese?</span> 
     </span>
     <span class='ocr_line' id='line_1_10' title="bbox 684 1707 2056 1824; baseline -0.004 -21"><span class='ocrx_word' id='word_1_72' title='bbox 684 1782 697 1790; x_wconf 84' lang='lat'>..</span> <span class='ocrx_word' id='word_1_73' title='bbox 767 1732 892 1823; x_wconf 89' lang='lat' dir='ltr'>tatur,</span> <span class='ocrx_word' id='word_1_74' title='bbox 926 1714 1034 1798; x_wconf 88' lang='lat' dir='ltr'>seties</span> <span class='ocrx_word' id='word_1_75' title='bbox 1065 1713 1359 1799; x_wconf 83' lang='lat' dir='ltr'>differentiarum</span> <span class='ocrx_word' id='word_1_76' title='bbox 1385 1707 1622 1824; x_wconf 84' lang='lat' dir='ltr'>primatum,</span> <span class='ocrx_word' id='word_1_77' title='bbox 1654 1712 1706 1799; x_wconf 84' lang='lat' dir='ltr'>ad</span> <span class='ocrx_word' id='word_1_78' title='bbox 1730 1711 1891 1823; x_wconf 82' lang='lat' dir='ltr'>gradum</span> <span class='ocrx_word' id='word_1_79' title='bbox 1911 1739 1952 1801; x_wconf 87' lang='lat' dir='ltr'>nt</span> <span class='ocrx_word' id='word_1_80' title='bbox 1967 1736 2056 1797; x_wconf 82' lang='grc' dir='ltr'>-ι</span> 
     </span>
     <span class='ocr_line' id='line_1_11' title="bbox 706 1840 2105 1955; baseline -0.002 -25"><span class='ocrx_word' id='word_1_81' title='bbox 706 1910 708 1915; x_wconf 30' lang='lat'>1</span> <span class='ocrx_word' id='word_1_82' title='bbox 768 1844 967 1955; x_wconf 75' lang='lat' dir='ltr'>referetur3</span> <span class='ocrx_word' id='word_1_83' title='bbox 987 1840 1109 1927; x_wconf 85' lang='lat' dir='ltr'>seties</span> <span class='ocrx_word' id='word_1_84' title='bbox 1137 1840 1585 1953; x_wconf 81' lang='lat' dir='ltr'>por&#39;tndifferentiarum</span> <span class='ocrx_word' id='word_1_85' title='bbox 1617 1840 1861 1925; x_wconf 84' lang='lat' dir='ltr'>secundarum</span> <span class='ocrx_word' id='word_1_86' title='bbox 1893 1840 2105 1953; x_wconf 25' lang='lat' dir='ltr'>edigta-¹</span> 
     </span>
     <span class='ocr_line' id='line_1_12' title="bbox 767 1967 2066 2084; baseline -0.003 -23"><span class='ocrx_word' id='word_1_87' title='bbox 767 1976 861 2061; x_wconf 88' lang='lat' dir='ltr'>dum</span> <span class='ocrx_word' id='word_1_88' title='bbox 891 1996 930 2059; x_wconf 86' lang='lat' dir='ltr'><em>m</em></span> <span class='ocrx_word' id='word_1_89' title='bbox 949 2012 990 2030; x_wconf 90' lang='lat'>·-</span> <span class='ocrx_word' id='word_1_90' title='bbox 1011 1996 1064 2083; x_wconf 76' lang='lat'>23</span> <span class='ocrx_word' id='word_1_91' title='bbox 1103 1970 1209 2055; x_wconf 79' lang='lat' dir='ltr'>seties</span> <span class='ocrx_word' id='word_1_92' title='bbox 1246 1968 1539 2055; x_wconf 87' lang='lat' dir='ltr'>differentintum</span> <span class='ocrx_word' id='word_1_93' title='bbox 1588 1970 1783 2055; x_wconf 86' lang='lat' dir='ltr'>tertiarum</span> <span class='ocrx_word' id='word_1_94' title='bbox 1816 1967 1864 2055; x_wconf 88' lang='lat' dir='ltr'>ad</span> <span class='ocrx_word' id='word_1_95' title='bbox 1895 1969 2066 2084; x_wconf 83' lang='lat' dir='ltr'>gradum</span> 
     </span>
     <span class='ocr_line' id='line_1_13' title="bbox 767 2092 2129 2214; baseline -0.001 -24"><span class='ocrx_word' id='word_1_96' title='bbox 767 2128 806 2190; x_wconf 83' lang='lat' dir='ltr'><em>m</em></span> <span class='ocrx_word' id='word_1_97' title='bbox 837 2145 882 2163; x_wconf 92' lang='lat'>·-</span> <span class='ocrx_word' id='word_1_98' title='bbox 916 2122 978 2214; x_wconf 63' lang='grc' dir='ltr'>ιι</span> <span class='ocrx_word' id='word_1_99' title='bbox 1026 2100 1136 2203; x_wconf 85' lang='lat' dir='ltr'>series</span> <span class='ocrx_word' id='word_1_100' title='bbox 1184 2092 1486 2197; x_wconf 71' lang='lat' dir='ltr'>differentiarum</span> <span class='ocrx_word' id='word_1_101' title='bbox 1508 2118 1512 2126; x_wconf 83' lang='lat'>·</span> <span class='ocrx_word' id='word_1_102' title='bbox 1535 2118 1752 2209; x_wconf 87' lang='lat' dir='ltr'>quartarum</span> <span class='ocrx_word' id='word_1_103' title='bbox 1802 2097 1850 2182; x_wconf 80' lang='lat' dir='ltr'>ad</span> <span class='ocrx_word' id='word_1_104' title='bbox 1891 2099 2068 2211; x_wconf 62' lang='lat' dir='ltr'>‘gradum</span> <span class='ocrx_word' id='word_1_105' title='bbox 2120 2146 2129 2157; x_wconf 91' lang='lat'><em>·</em></span> 
     </span>
     <span class='ocr_line' id='line_1_14' title="bbox 770 2225 2071 2349; baseline -0.002 -30"><span class='ocrx_word' id='word_1_106' title='bbox 770 2256 809 2319; x_wconf 88' lang='lat' dir='ltr'>tn</span> <span class='ocrx_word' id='word_1_107' title='bbox 826 2272 863 2291; x_wconf 92' lang='lat'>-·</span> <span class='ocrx_word' id='word_1_108' title='bbox 885 2256 950 2343; x_wconf 78' lang='lat'>43</span> <span class='ocrx_word' id='word_1_109' title='bbox 992 2249 1032 2349; x_wconf 85' lang='lat' dir='ltr'>et</span> <span class='ocrx_word' id='word_1_110' title='bbox 1064 2228 1104 2311; x_wconf 91' lang='lat' dir='ltr'>in</span> <span class='ocrx_word' id='word_1_111' title='bbox 1128 2252 1269 2341; x_wconf 85' lang='lat' dir='ltr'>genere</span> <span class='ocrx_word' id='word_1_112' title='bbox 1285 2228 1409 2313; x_wconf 84' lang='lat' dir='ltr'>¹series</span> <span class='ocrx_word' id='word_1_113' title='bbox 1438 2225 1755 2321; x_wconf 85' lang='lat' dir='ltr'>differentiarum</span> <span class='ocrx_word' id='word_1_114' title='bbox 1772 2226 1917 2313; x_wconf 85' lang='lat' dir='ltr'>ordinis</span> <span class='ocrx_word' id='word_1_115' title='bbox 1949 2253 1978 2327; x_wconf 81' lang='grc' dir='ltr'>ιι</span> <span class='ocrx_word' id='word_1_116' title='bbox 2017 2228 2071 2316; x_wconf 86' lang='lat' dir='ltr'>ad</span> 
     </span>
    </p>
   </div>
   <div class='ocr_carea' id='block_1_3' title="bbox 571 2330 2072 2475">
    <p class='ocr_par' dir='ltr' id='par_1_3' title="bbox 571 2330 2072 2475">
     <span class='ocr_line' id='line_1_15' title="bbox 571 2330 2072 2475; baseline 0.005 -37"><span class='ocrx_word' id='word_1_117' title='bbox 571 2396 576 2409; x_wconf 94' lang='lat'><strong>·</strong></span> <span class='ocrx_word' id='word_1_118' title='bbox 667 2330 675 2405; x_wconf 51' lang='lat'>‘-</span> <span class='ocrx_word' id='word_1_119' title='bbox 713 2464 716 2475; x_wconf 23' lang='lat'><strong><em>¹</em></strong></span> <span class='ocrx_word' id='word_1_120' title='bbox 768 2357 929 2473; x_wconf 84' lang='lat' dir='ltr'>gradum</span> <span class='ocrx_word' id='word_1_121' title='bbox 959 2380 1053 2444; x_wconf 90' lang='lat' dir='ltr'>m·-</span> <span class='ocrx_word' id='word_1_122' title='bbox 1073 2380 1111 2443; x_wconf 89' lang='lat' dir='ltr'>n</span> <span class='ocrx_word' id='word_1_123' title='bbox 1149 2356 1361 2471; x_wconf 81' lang='lat' dir='ltr'>pertinebit</span> <span class='ocrx_word' id='word_1_124' title='bbox 1452 2354 1568 2442; x_wconf 87' lang='lat' dir='ltr'>Vnde</span> <span class='ocrx_word' id='word_1_125' title='bbox 1612 2354 1719 2442; x_wconf 87' lang='lat' dir='ltr'>seties</span> <span class='ocrx_word' id='word_1_126' title='bbox 1759 2353 2072 2444; x_wconf 84' lang='lat' dir='ltr'>differentiarum</span> 
     </span>
    </p>
   </div>
   <div class='ocr_carea' id='block_1_4' title="bbox 703 2484 2104 2731">
    <p class='ocr_par' dir='ltr' id='par_1_4' title="bbox 703 2484 2104 2731">
     <span class='ocr_line' id='line_1_16' title="bbox 703 2484 2076 2606; baseline -0.009 -28"><span class='ocrx_word' id='word_1_127' title='bbox 703 2510 706 2515; x_wconf 81' lang='grc'>’</span> <span class='ocrx_word' id='word_1_128' title='bbox 768 2488 913 2597; x_wconf 84' lang='lat' dir='ltr'>ordinis</span> <span class='ocrx_word' id='word_1_129' title='bbox 959 2513 997 2573; x_wconf 87' lang='lat' dir='ltr'>nr</span> <span class='ocrx_word' id='word_1_130' title='bbox 1036 2488 1083 2575; x_wconf 86' lang='lat' dir='ltr'>ad</span> <span class='ocrx_word' id='word_1_131' title='bbox 1129 2489 1292 2599; x_wconf 85' lang='lat' dir='ltr'>gradum</span> <span class='ocrx_word' id='word_1_132' title='bbox 1323 2511 1421 2574; x_wconf 80' lang='grc' dir='ltr'><strong>ιιι-</strong></span> <span class='ocrx_word' id='word_1_133' title='bbox 1436 2510 1566 2606; x_wconf 79' lang='lat' dir='ltr'>aa:</span> <span class='ocrx_word' id='word_1_134' title='bbox 1593 2484 1869 2598; x_wconf 87' lang='lat' dir='ltr'>operueniet,</span> <span class='ocrx_word' id='word_1_135' title='bbox 1909 2484 2076 2597; x_wconf 72' lang='lat' dir='ltr'>eiusque</span> 
     </span>
     <span class='ocr_line' id='line_1_17' title="bbox 772 2606 2104 2731; baseline -0.003 -28"><span class='ocrx_word' id='word_1_136' title='bbox 772 2626 865 2727; x_wconf 83' lang='lat' dir='ltr'>ergo</span> <span class='ocrx_word' id='word_1_137' title='bbox 902 2619 1084 2703; x_wconf 87' lang='lat' dir='ltr'>terminus</span> <span class='ocrx_word' id='word_1_138' title='bbox 1123 2615 1336 2729; x_wconf 79' lang='lat' dir='ltr'>generalis,</span> <span class='ocrx_word' id='word_1_139' title='bbox 1383 2616 1473 2727; x_wconf 89' lang='lat' dir='ltr'>quia</span> <span class='ocrx_word' id='word_1_140' title='bbox 1511 2606 1663 2701; x_wconf 86' lang='lat' dir='ltr'>summa</span> <span class='ocrx_word' id='word_1_141' title='bbox 1692 2611 1811 2726; x_wconf 86' lang='lat' dir='ltr'>ipfius</span> <span class='ocrx_word' id='word_1_142' title='bbox 1836 2638 1867 2699; x_wconf 83' lang='lat' dir='ltr'>tt</span> <span class='ocrx_word' id='word_1_143' title='bbox 1899 2612 2104 2731; x_wconf 75' lang='lat' dir='ltr'>potestas</span> 
     </span>
    </p>
   </div>
   <div class='ocr_carea' id='block_1_5' title="bbox 564 2710 2075 2861">
    <p class='ocr_par' dir='ltr' id='par_1_5' title="bbox 564 2710 2075 2861">
     <span class='ocr_line' id='line_1_18' title="bbox 564 2710 2075 2861; baseline -0.001 -33"><span class='ocrx_word' id='word_1_144' title='bbox 564 2710 595 2756; x_wconf 35' lang='lat'>&#39;⁸</span> <span class='ocrx_word' id='word_1_145' title='bbox 704 2782 707 2785; x_wconf 96' lang='lat'>·</span> <span class='ocrx_word' id='word_1_146' title='bbox 772 2746 915 2830; x_wconf 83' lang='lat' dir='ltr'>est:</span> <span class='ocrx_word' id='word_1_147' title='bbox 946 2748 1092 2833; x_wconf 85' lang='lat' dir='ltr'>x⁰:</span> <span class='ocrx_word' id='word_1_148' title='bbox 1131 2772 1186 2853; x_wconf 81' lang='grc' dir='ltr'>ι,</span> <span class='ocrx_word' id='word_1_149' title='bbox 1215 2749 1289 2831; x_wconf 84' lang='lat' dir='ltr'>erit</span> <span class='ocrx_word' id='word_1_150' title='bbox 1316 2744 1503 2861; x_wconf 81' lang='lat' dir='ltr'>quantitas</span> <span class='ocrx_word' id='word_1_151' title='bbox 1530 2743 1713 2849; x_wconf 80' lang='lat' dir='ltr'>constans,</span> <span class='ocrx_word' id='word_1_152' title='bbox 1747 2741 1909 2852; x_wconf 84' lang='lat' dir='ltr'>ideoque</span> <span class='ocrx_word' id='word_1_153' title='bbox 1928 2766 2075 2828; x_wconf 81' lang='lat' dir='ltr'>omnes</span> 
     </span>
    </p>
   </div>
   <div class='ocr_carea' id='block_1_6' title="bbox 686 2861 2198 4020">
    <p class='ocr_par' dir='ltr' id='par_1_6' title="bbox 771 2861 2198 3626">
     <span class='ocr_line' id='line_1_19' title="bbox 771 2861 2078 2990; baseline -0.002 -31"><span class='ocrx_word' id='word_1_154' title='bbox 771 2872 1009 2972; x_wconf 77' lang='lat' dir='ltr'>differentiae</span> <span class='ocrx_word' id='word_1_155' title='bbox 1040 2874 1185 2961; x_wconf 86' lang='lat' dir='ltr'>ordinis</span> <span class='ocrx_word' id='word_1_156' title='bbox 1200 2898 1252 2990; x_wconf 85' lang='lat' dir='ltr'>-nr</span> <span class='ocrx_word' id='word_1_157' title='bbox 1280 2873 1382 2956; x_wconf 90' lang='lat' dir='ltr'>inter</span> <span class='ocrx_word' id='word_1_158' title='bbox 1411 2869 1453 2954; x_wconf 84' lang='lat' dir='ltr'>se·</span> <span class='ocrx_word' id='word_1_159' title='bbox 1476 2888 1588 2987; x_wconf 86' lang='lat' dir='ltr'>erunt</span> <span class='ocrx_word' id='word_1_160' title='bbox 1618 2861 1799 2984; x_wconf 81' lang='lat' dir='ltr'>aequales.</span> <span class='ocrx_word' id='word_1_161' title='bbox 1875 2868 1984 2957; x_wconf 86' lang='lat' dir='ltr'>Hinc</span> <span class='ocrx_word' id='word_1_162' title='bbox 2018 2872 2078 2956; x_wconf 90' lang='lat' dir='ltr'>se·</span> 
     </span>
     <span class='ocr_line' id='line_1_20' title="bbox 771 3000 2193 3114; baseline 0 -26"><span class='ocrx_word' id='word_1_163' title='bbox 771 3004 920 3088; x_wconf 88' lang='lat' dir='ltr'>tiernm</span> <span class='ocrx_word' id='word_1_164' title='bbox 968 3002 1090 3114; x_wconf 90' lang='lat' dir='ltr'>primi</span> <span class='ocrx_word' id='word_1_165' title='bbox 1138 3003 1302 3112; x_wconf 78' lang='lat' dir='ltr'>gudus,</span> <span class='ocrx_word' id='word_1_166' title='bbox 1356 3023 1517 3110; x_wconf 88' lang='lat' dir='ltr'>quarum</span> <span class='ocrx_word' id='word_1_167' title='bbox 1566 3002 1750 3086; x_wconf 81' lang='lat' dir='ltr'>terminus</span> <span class='ocrx_word' id='word_1_168' title='bbox 1777 3000 1992 3109; x_wconf 68' lang='lat' dir='ltr'>generalis</span> <span class='ocrx_word' id='word_1_169' title='bbox 2019 3001 2079 3088; x_wconf 81' lang='lat' dir='ltr'>est</span> <span class='ocrx_word' id='word_1_170' title='bbox 2190 3012 2193 3018; x_wconf 82' lang='grc'>’</span> 
     </span>
     <span class='ocr_line' id='line_1_21' title="bbox 774 3123 2198 3240; baseline -0.006 -24"><span class='ocrx_word' id='word_1_171' title='bbox 774 3149 839 3174; x_wconf 80' lang='grc'>·····</span> <span class='ocrx_word' id='word_1_172' title='bbox 775 3135 952 3219; x_wconf 83' lang='lat' dir='ltr'>..Ax</span> <span class='ocrx_word' id='word_1_173' title='bbox 981 3125 1124 3240; x_wconf 73' lang='lat'>413,</span> <span class='ocrx_word' id='word_1_174' title='bbox 1172 3130 1252 3216; x_wconf 84' lang='lat' dir='ltr'>iam</span> <span class='ocrx_word' id='word_1_175' title='bbox 1281 3123 1517 3214; x_wconf 72' lang='lat' dir='ltr'>differentiae</span> <span class='ocrx_word' id='word_1_176' title='bbox 1557 3129 1706 3238; x_wconf 83' lang='lat' dir='ltr'>primae</span> <span class='ocrx_word' id='word_1_177' title='bbox 1750 3127 1833 3213; x_wconf 89' lang='lat' dir='ltr'>sunt</span> <span class='ocrx_word' id='word_1_178' title='bbox 1879 3129 1990 3215; x_wconf 87' lang='lat' dir='ltr'>inter</span> <span class='ocrx_word' id='word_1_179' title='bbox 2038 3129 2080 3214; x_wconf 85' lang='lat' dir='ltr'>se</span> <span class='ocrx_word' id='word_1_180' title='bbox 2149 3216 2155 3226; x_wconf 63' lang='grc'>,</span> <span class='ocrx_word' id='word_1_181' title='bbox 2193 3199 2198 3208; x_wconf 92' lang='grc'><strong>.</strong></span> 
     </span>
     <span class='ocr_line' id='line_1_22' title="bbox 773 3251 2088 3408; baseline -0.001 -63"><span class='ocrx_word' id='word_1_182' title='bbox 773 3260 978 3373; x_wconf 80' lang='lat' dir='ltr'>aequales:</span> <span class='ocrx_word' id='word_1_183' title='bbox 1028 3258 1207 3368; x_wconf 80' lang='lat' dir='ltr'>ferierunt</span> <span class='ocrx_word' id='word_1_184' title='bbox 1254 3275 1419 3408; x_wconf 74' lang='lat' dir='ltr'>eptem</span> <span class='ocrx_word' id='word_1_185' title='bbox 1441 3254 1590 3373; x_wconf 83' lang='lat' dir='ltr'>secundi</span> <span class='ocrx_word' id='word_1_186' title='bbox 1638 3251 1806 3368; x_wconf 82' lang='lat' dir='ltr'>gradus,</span> <span class='ocrx_word' id='word_1_187' title='bbox 1849 3283 1954 3368; x_wconf 85' lang='lat' dir='ltr'>qnae</span> <span class='ocrx_word' id='word_1_188' title='bbox 1993 3257 2088 3344; x_wconf 84' lang='lat' dir='ltr'>hoc</span> 
     </span>
     <span class='ocr_line' id='line_1_23' title="bbox 773 3355 2092 3498; baseline -0.002 -25"><span class='ocrx_word' id='word_1_189' title='bbox 773 3390 940 3474; x_wconf 88' lang='lat' dir='ltr'>termino</span> <span class='ocrx_word' id='word_1_190' title='bbox 976 3388 1138 3498; x_wconf 84' lang='lat' dir='ltr'>generali</span> <span class='ocrx_word' id='word_1_191' title='bbox 1167 3355 1208 3471; x_wconf 94' lang='lat' dir='ltr'>A</span> <span class='ocrx_word' id='word_1_192' title='bbox 1227 3409 1258 3472; x_wconf 84' lang='lat' dir='ltr'><em>x</em></span> <span class='ocrx_word' id='word_1_193' title='bbox 1273 3370 1361 3481; x_wconf 56' lang='grc' dir='ltr'>’ψ</span> <span class='ocrx_word' id='word_1_194' title='bbox 1393 3376 1478 3470; x_wconf 82' lang='lat' dir='ltr'>Ba</span> <span class='ocrx_word' id='word_1_195' title='bbox 1493 3379 1602 3480; x_wconf 81' lang='lat' dir='ltr'>÷C</span> <span class='ocrx_word' id='word_1_196' title='bbox 1650 3386 1917 3497; x_wconf 80' lang='lat' dir='ltr'>continentur,</span> <span class='ocrx_word' id='word_1_197' title='bbox 1960 3385 2092 3475; x_wconf 83' lang='lat' dir='ltr'>diffe-</span> 
     </span>
     <span class='ocr_line' id='line_1_24' title="bbox 771 3512 1797 3626; baseline -0.005 -23"><span class='ocrx_word' id='word_1_198' title='bbox 771 3518 916 3603; x_wconf 83' lang='lat' dir='ltr'>tentiae</span> <span class='ocrx_word' id='word_1_199' title='bbox 948 3517 1127 3602; x_wconf 87' lang='lat' dir='ltr'>secundae</span> <span class='ocrx_word' id='word_1_200' title='bbox 1160 3512 1255 3600; x_wconf 87' lang='lat' dir='ltr'>sunt</span> <span class='ocrx_word' id='word_1_201' title='bbox 1272 3512 1474 3624; x_wconf 81' lang='lat' dir='ltr'>aequales,</span> <span class='ocrx_word' id='word_1_202' title='bbox 1503 3531 1546 3597; x_wconf 82' lang='lat' dir='ltr'>et</span> <span class='ocrx_word' id='word_1_203' title='bbox 1576 3515 1631 3599; x_wconf 85' lang='lat' dir='ltr'>ita</span> <span class='ocrx_word' id='word_1_204' title='bbox 1661 3539 1797 3626; x_wconf 88' lang='lat' dir='ltr'>porro.</span> 
     </span>
    </p>

    <p class='ocr_par' dir='ltr' id='par_1_7' title="bbox 686 3635 2080 4012">
     <span class='ocr_line' id='line_1_25' title="bbox 924 3635 2080 3840; baseline 0.004 -109"><span class='ocrx_word' id='word_1_205' title='bbox 924 3643 959 3745; x_wconf 85' lang='lat'><em>§</em></span> <span class='ocrx_word' id='word_1_206' title='bbox 1014 3666 1085 3732; x_wconf 80' lang='lat' dir='ltr'>ra.</span> <span class='ocrx_word' id='word_1_207' title='bbox 1137 3641 1284 3762; x_wconf 83' lang='lat' dir='ltr'>Quodii</span> <span class='ocrx_word' id='word_1_208' title='bbox 1314 3665 1458 3753; x_wconf 83' lang='lat' dir='ltr'>ergo</span> <span class='ocrx_word' id='word_1_209' title='bbox 1436 3635 1569 3726; x_wconf 89' lang='lat' dir='ltr'>seriem</span> <span class='ocrx_word' id='word_1_210' title='bbox 1600 3664 1867 3840; x_wconf 83' lang='lat' dir='ltr'>quamcunque</span> <span class='ocrx_word' id='word_1_211' title='bbox 1897 3647 2080 3760; x_wconf 80' lang='lat' dir='ltr'>potesta·</span> 
     </span>
     <span class='ocr_line' id='line_1_26' title="bbox 686 3770 1287 3869; baseline -0.01 -13"><span class='ocrx_word' id='word_1_212' title='bbox 686 3839 688 3844; x_wconf 86' lang='lat'><em>.</em></span> <span class='ocrx_word' id='word_1_213' title='bbox 773 3785 860 3858; x_wconf 88' lang='lat' dir='ltr'>tum</span> <span class='ocrx_word' id='word_1_214' title='bbox 893 3770 1172 3869; x_wconf 85' lang='lat' dir='ltr'>confideremus</span> <span class='ocrx_word' id='word_1_215' title='bbox 1283 3841 1287 3850; x_wconf 90' lang='lat'>.</span> 
     </span>
     <span class='ocr_line' id='line_1_27' title="bbox 896 3828 1973 4020; baseline 0.009 -19"><span class='ocrx_word' id='word_1_216' title='bbox 896 3905 1064 4010; x_wconf 77' lang='lat'>1,’&#39;¹2</span> <span class='ocrx_word' id='word_1_217' title='bbox 1072 3898 1338 4010; x_wconf 78' lang='grc' dir='ltr'>,”,”ι,4,</span> <span class='ocrx_word' id='word_1_218' title='bbox 1376 3897 1653 4012; x_wconf 74' lang='lat'>5¹⁸.⁶”¹›7</span> <span class='ocrx_word' id='word_1_219' title='bbox 1670 3828 1973 4020; x_wconf 55' lang='lat' dir='ltr'>&#39;unqen-</span> 
     </span>
    </p>
   </div>
   <div class='ocr_carea' id='block_1_7' title="bbox 586 4009 2237 4144">
    <p class='ocr_par' dir='ltr' id='par_1_8' title="bbox 586 4009 2237 4144">
     <span class='ocr_line' id='line_1_28' title="bbox 586 4009 2237 4144; baseline 0.009 -31"><span class='ocrx_word' id='word_1_220' title='bbox 586 4029 590 4039; x_wconf 81' lang='grc'>’</span> <span class='ocrx_word' id='word_1_221' title='bbox 675 4009 676 4014; x_wconf 18' lang='lat'>¹</span> <span class='ocrx_word' id='word_1_222' title='bbox 741 4027 879 4116; x_wconf 17' lang='lat' dir='ltr'>senius</span> <span class='ocrx_word' id='word_1_223' title='bbox 908 4033 1094 4136; x_wconf 83' lang='lat' dir='ltr'>terminus</span> <span class='ocrx_word' id='word_1_224' title='bbox 1124 4029 1480 4140; x_wconf 73' lang='lat' dir='ltr'>generalised:</span> <span class='ocrx_word' id='word_1_225' title='bbox 1510 4032 1609 4137; x_wconf 59' lang='lat' dir='ltr'>xm,</span> <span class='ocrx_word' id='word_1_226' title='bbox 1641 4028 2023 4144; x_wconf 57' lang='lat' dir='ltr'>seu125qut&#39;indici</span> <span class='ocrx_word' id='word_1_227' title='bbox 2052 4061 2085 4126; x_wconf 75' lang='lat' dir='ltr'><em>x</em></span> <span class='ocrx_word' id='word_1_228' title='bbox 2236 4090 2237 4101; x_wconf 37' lang='grc' dir='ltr'><strong>ι</strong></span> 
     </span>
    </p>
   </div>
   <div class='ocr_carea' id='block_1_8' title="bbox 668 4156 2158 4664">
    <p class='ocr_par' dir='ltr' id='par_1_9' title="bbox 668 4156 2122 4640">
     <span class='ocr_line' id='line_1_29' title="bbox 776 4156 2122 4269; baseline 0.008 -27"><span class='ocrx_word' id='word_1_229' title='bbox 776 4156 1006 4269; x_wconf 86' lang='lat' dir='ltr'>respondet,</span> <span class='ocrx_word' id='word_1_230' title='bbox 1035 4158 1147 4241; x_wconf 84' lang='lat' dir='ltr'>serien</span> <span class='ocrx_word' id='word_1_231' title='bbox 1177 4157 1476 4246; x_wconf 86' lang='lat' dir='ltr'>differentiarum</span> <span class='ocrx_word' id='word_1_232' title='bbox 1507 4158 1651 4244; x_wconf 87' lang='lat' dir='ltr'>ordinis</span> <span class='ocrx_word' id='word_1_233' title='bbox 1677 4183 1716 4248; x_wconf 84' lang='lat' dir='ltr'>nt</span> <span class='ocrx_word' id='word_1_234' title='bbox 1744 4185 1795 4247; x_wconf 78' lang='lat' dir='ltr'>ea</span> <span class='ocrx_word' id='word_1_235' title='bbox 1819 4164 2004 4249; x_wconf 90' lang='lat' dir='ltr'>terminis</span> <span class='ocrx_word' id='word_1_236' title='bbox 2019 4166 2084 4253; x_wconf 89' lang='lat' dir='ltr'>in</span> <span class='ocrx_word' id='word_1_237' title='bbox 2118 4225 2122 4230; x_wconf 89' lang='lat'><em>-</em></span> 
     </span>
     <span class='ocr_line' id='line_1_30' title="bbox 668 4269 2088 4407; baseline 0.009 -37"><span class='ocrx_word' id='word_1_238' title='bbox 668 4324 673 4331; x_wconf 94' lang='lat'><strong>·</strong></span> <span class='ocrx_word' id='word_1_239' title='bbox 775 4305 835 4371; x_wconf 89' lang='lat' dir='ltr'>ter</span> <span class='ocrx_word' id='word_1_240' title='bbox 866 4289 905 4370; x_wconf 87' lang='lat' dir='ltr'>se</span> <span class='ocrx_word' id='word_1_241' title='bbox 934 4285 1143 4399; x_wconf 82' lang='lat' dir='ltr'>aequalibus</span> <span class='ocrx_word' id='word_1_242' title='bbox 1169 4285 1402 4370; x_wconf 82' lang='lat' dir='ltr'>constabit..</span> <span class='ocrx_word' id='word_1_243' title='bbox 1423 4290 1491 4377; x_wconf 89' lang='lat' dir='ltr'>At</span> <span class='ocrx_word' id='word_1_244' title='bbox 1521 4283 1627 4372; x_wconf 88' lang='lat' dir='ltr'>seriei</span> <span class='ocrx_word' id='word_1_245' title='bbox 1656 4269 1958 4378; x_wconf 80' lang='lat' dir='ltr'>differentianrm</span> <span class='ocrx_word' id='word_1_246' title='bbox 1994 4295 2088 4407; x_wconf 89' lang='lat' dir='ltr'>pri</span> 
     </span>
     <span class='ocr_line' id='line_1_31' title="bbox 690 4412 2089 4640; baseline 0.005 -134.403"><span class='ocrx_word' id='word_1_247' title='bbox 690 4419 935 4506; x_wconf 60' lang='lat' dir='ltr'>*mamm</span> <span class='ocrx_word' id='word_1_248' title='bbox 965 4416 1150 4507; x_wconf 79' lang='lat' dir='ltr'>terminus</span> <span class='ocrx_word' id='word_1_249' title='bbox 1177 4413 1358 4564; x_wconf 69' lang='lat' dir='ltr'>generalis</span> <span class='ocrx_word' id='word_1_250' title='bbox 1376 4412 1549 4516; x_wconf 69' lang='lat' dir='ltr'>en&#39;t&#39;-</span> <span class='ocrx_word' id='word_1_251' title='bbox 1494 4477 1550 4504; x_wconf 74' lang='lat'>..-</span> <span class='ocrx_word' id='word_1_252' title='bbox 1568 4415 1616 4534; x_wconf 82' lang='lat' dir='ltr'>(tc</span> <span class='ocrx_word' id='word_1_253' title='bbox 1634 4428 1675 4516; x_wconf 83' lang='lat'>÷</span> <span class='ocrx_word' id='word_1_254' title='bbox 1696 4413 1812 4536; x_wconf 78' lang='lat' dir='ltr'>r)¹¹¹·-</span> <span class='ocrx_word' id='word_1_255' title='bbox 1772 4423 1913 4510; x_wconf 77' lang='lat' dir='ltr'><strong><em>·-·x¹”</em></strong></span> <span class='ocrx_word' id='word_1_256' title='bbox 1890 4477 1931 4640; x_wconf 52' lang='grc' dir='ltr'><strong>ὲ</strong></span> <span class='ocrx_word' id='word_1_257' title='bbox 1955 4423 2089 4530; x_wconf 72' lang='lat' dir='ltr'>&#39;quia</span> 
     </span>
    </p>

    <p class='ocr_par' dir='ltr' id='par_1_10' title="bbox 1932 4569 2158 4664">
     <span class='ocr_line' id='line_1_32' title="bbox 1932 4569 2158 4664; baseline 0.04 -26"><span class='ocrx_word' id='word_1_258' title='bbox 1932 4569 2095 4664; x_wconf 69' lang='lat' dir='ltr'>quent·</span> <span class='ocrx_word' id='word_1_259' title='bbox 2153 4639 2158 4647; x_wconf 89' lang='lat'><strong>.</strong></span> 
     </span>
    </p>
   </div>
   <div class='ocr_carea' id='block_1_9' title="bbox 0 0 2269 5875">
    <p class='ocr_par' dir='ltr' id='par_1_11' title="bbox 0 0 2269 5875">
     <span class='ocr_line' id='line_1_33' title="bbox 0 0 2269 5875; baseline 0 0"><span class='ocrx_word' id='word_1_260' title='bbox 0 0 2269 5875; x_wconf 95' lang='lat' dir='ltr'> </span> 
     </span>
    </p>
   </div>
  </div>
 </body>
</html>
