4517 5875
839 498 931 594 aaa
1032 471 1454 576 auratarum
1494 469 1967 606 pantanoru-

836 734 933 824 quae
982 708 1201 820 nigricant‚
1251 734 1367 821 qnare
1416 725 1507 792 tuac
1551 707 1736 790 cruciatae
1785 702 2048 809 (Krestowiki
2091 723 2130 790 et

721 853 724 860 “
838 835 1124 928 Krestowatikii
1173 838 1341 921 audiunt.
1442 835 1550 920 Hauc
1582 835 1839 918 mutationem
1869 841 2069 938 incuntes,
2094 852 2130 916 et

710 1013 718 1024 ν
837 964 941 1072 illae,
974 984 1016 1046 et
1044 966 1234 1061 cinereae,
1270 965 1311 1046 in
1344 964 1451 1046 terris
1479 959 1677 1064 tutiensis,
1709 986 1804 1068 quae
1836 967 1878 1042 in
1910 957 2131 1042 iocislsati·

838 1089 932 1175 dum
964 1090 1152 1172 natalibus
1197 1087 1409 1199 frequentes
1463 1088 1575 1190 suut,
1623 1109 1702 1170 non
1750 1109 1838 1170 raro
1888 1087 2129 1194 pernoctant.

838 1211 956 1300 Circa
989 1217 1143 1298 initium
1174 1213 1355 1302 Octobris
1386 1212 1459 1322 pili
1489 1214 1531 1296 in
1564 1211 1750 1319 pollicem
1781 1235 1900 1321 reque
1949 1234 2130 1296 exerent·

839 1361 953 1450 runt,
986 1359 1029 1422 et
1059 1343 1242 1449 nigricans
1269 1341 1513 1422 candidarum
1542 1335 1723 1422 Isatidum
1758 1341 1856 1422 iuter
1886 1361 2017 1420 armos
2055 1339 2135 1444 spa·

837 1469 937 1576 rium
985 1485 1112 1550 totum
1160 1468 1348 1564 euanuit,
1394 1465 1599 1546 secundom
1643 1465 1818 1548 medium
1849 1462 2004 1549 donum
2038 1487 2131 1548 reru

843 1592 954 1678 color
983 1613 1035 1674 ex
1065 1590 1157 1673 albo
1186 1612 1227 1675 et
1257 1591 1369 1698 nigro
1396 1591 1614 1698 permixtus
1654 1611 1842 1700 apparet,
1894 1589 1997 1698 quati
2047 1589 2130 1676 Lari

727 1801 728 1806 Ν
843 1719 1041 1830 gaudent,
1072 1720 1109 1800 in
1140 1718 1184 1800 iis
1212 1703 1431 1826 regionibus
1460 1715 1678 1820 versantes,
1710 1740 1823 1826 qnare
1854 1734 1945 1798 tunc
1976 1713 2127 1800 lenun-

729 1831 731 1834 ’
843 1843 943 1934 fibus
959 1845 1199 1928 venatoribus
1215 1843 1332 1928 Lares
1348 1841 1409 1936 (srt
1425 1845 1546 1924 verbo
1562 1845 1689 1937 venia,
1706 1841 1816 1932 Rois.
1835 1839 2128 1957 Tschaeschnik)

842 1971 961 2054 audit.
1025 1966 1251 2052 ieniseensts
1267 1967 1459 2054 vocabulo
1474 1970 1644 2076 [iugulari
1662 1971 1711 2052 ad
1729 1974 1828 2054 hanc
1844 1967 2125 2054 distinctionem

830 2097 1142 2204 ,exprimendam
1175 2119 1257 2176 non
1296 2113 1501 2212 utuntur..
1541 2093 1591 2180 Iu
1639 2092 1718 2177 fine
1768 2095 1982 2199 Octobris,
2029 2098 2124 2181 circa

842 2219 949 2306 diem
997 2215 1210 2324 Demetrii,
1261 2218 1465 2302 candidum
1514 2244 1634 2328 genus
1681 2219 1859 2309 isatidum
1893 2224 1974 2304 iam
2007 2239 2122 2307 totum

842 2347 975 2454 album
1006 2345 1094 2450 eii,
1158 2344 1229 2454 pili
1260 2367 1361 2426 reto
1387 2343 1564 2428 nondum
1597 2352 1639 2430 iu
1671 2367 1820 2435 tantam
1851 2345 2119 2458 longitudinem

729 2467 735 2478 ’
843 2489 1129 2576 excreuemnt,
1166 2467 1292 2580 quales
1310 2469 1437 2576 rigida
1469 2469 1598 2552 hieme
1627 2493 1843 2581 apparent,
1891 2498 2009 2584 quare
2035 2492 2118 2557 tunc

786 2578 794 2594 Χ
845 2596 956 2683 isatis
1002 2599 1173 2681 nondum
1225 2591 1392 2704 perfecta
1439 2597 1720 2713 (Nedopesez)
1767 2593 1920 2687 dicitur.
1964 2691 1972 2700 ‚
2015 2591 2118 2682 Circa

845 2719 1001 2812 Festum
1033 2721 1194 2833 denique
1221 2720 1410 2824 Nicolai,
1441 2723 1619 2830 quodiu
1646 2731 1690 2805 6.
1725 2726 1959 2812 Decembris
1988 2725 2119 2831 incidit,
2218 2726 2219 2749 *

845 2850 918 2961 pili
967 2847 1010 2930 in
1055 2863 1203 2934 tantam
1252 2845 1532 2956 longitudinem
1587 2873 1866 2962 exercuerunt,
1915 2875 2011 2964 quae
2054 2874 2117 2934 net

846 2991 929 3069 tota
961 2970 1091 3055 hieme
1120 2976 1285 3085 amplius
1333 2994 1518 3083 augetur,
1565 3002 1621 3061 cx
1668 3007 1745 3088 quo
1793 2982 1904 3091 igitar
1949 3000 2118 3088 tempora

849 3088 1124 3213 Κατέξοχην
1147 3104 1251 3185 isatis
1277 3096 1494 3209 (trecenis),
1511 3123 1576 3186 aut
1595 3104 1696 3190 isatis
1713 3108 1876 3219 pertici-u
1899 3106 2115 3223 (penaunc-

717 3264 720 3270 ·
846 3220 976 3333 cenis)
994 3247 1166 3311 vocatur.
1233 3228 1338 3308 Vere
1370 3232 1728 3338 appropinquante,
1756 3236 1856 3317 circa
1886 3234 2018 3317 ferrum
2046 3232 2119 3317 Ni·

844 3354 945 3439 colai
978 3376 1171 3457 vernum,
1203 3352 1308 3460 quod
1336 3358 1377 3435 iu
1410 3356 1515 3439 diem
1547 3383 1694 3441 nouum
1727 3360 1824 3443 Maii
1856 3362 2021 3460 incidit,
2065 3366 2117 3440 in·

848 3480 1001 3561 terdum
1031 3484 1153 3563 eriam
1184 3482 1338 3568 tardius.
1364 3484 1541 3565 omnium
1572 3490 1750 3570 maxime
1767 3513 1863 3569 reru
1878 3490 1977 3570 circa
1994 3482 2117 3569 festum
2214 3489 2216 3528 ‘

845 3597 1080 3711 Imperatori
1127 3600 1379 3715 Constantino
1444 3608 1646 3718 dicatum,
1707 3617 1882 3725 quodque
1934 3636 1985 3693 21
2028 3610 2117 3693 Maii

844 3728 1094 3836 celebrauit,
1161 3730 1230 3840 pili
1279 3732 1443 3815 defluere
1490 3738 1709 3848 incipiunt,
1756 3763 1797 3826 et
1844 3743 1941 3823 circa
1990 3737 2115 3819 testum

844 3852 958 3944 Elias
989 3854 1237 3966 Prophetae,
1271 3859 1313 3943 in
1348 3884 1405 3941 20
1440 3856 1511 3944 Iul.
1540 3850 1738 3973 incidens,
1777 3890 1919 3949 omnes
1949 3868 2027 3948 iam
2052 3865 2115 3944 de·

715 3994 717 3997 ’
848 3982 1058 4069 fluxerunt.
1150 3985 1236 4069 Hac
1293 3990 1504 4071 mutatione
1561 3997 1805 4105 contingente
1853 3992 1964 4076 Isaris
2011 4011 2114 4071 verna

848 4103 1117 4221 (Weschnialt)
1167 4114 1347 4213 dicitnr„
1395 4112 1442 4197 In
1488 4117 1726 4210 defluxorum
1773 4122 1945 4231 pilorum
1995 4120 2115 4209 lotum

848 4234 916 4325 atri
963 4236 1154 4355 pantanu
1197 4238 1429 4370 succrescunt
1474 4244 1638 4359 breues,
1684 4250 1751 4363 qui
1796 4248 1895 4339 circa
1942 4250 2107 4355 mariun

1820 4363 2108 4485 ,Augusti
