4517 5875
310 452 825 555 rnroaannrra
878 393 1361 594 annuariam.
1413 466 1477 572 aa

188 709 269 779 etc.
298 690 460 803 quomrn
493 690 753 773 terminorum
785 710 966 774 nunnrus
996 686 1057 775 est
1085 710 1175 798 an,
1214 691 1290 776 iam
1322 688 1354 776 u
1389 688 1473 802 quil

191 840 304 929 neget
335 820 485 917 horumi
508 819 759 908 terminorum
788 814 1087 926 complementa
1113 820 1226 903 simul
1258 823 1302 902 iu
1331 820 1469 905 eadent

189 948 282 1040 serie
332 949 548 1049 contineri,
601 947 642 1037 ir·
680 947 808 1029 dicere
838 946 979 1052 delet,
1027 950 1165 1029 omnia
1188 948 1474 1055 complementa

190 1067 724 1188 ÷1,-n,-ll,-‘y,÷i,
757 1090 831 1153 etc.
868 1072 1475 1169 lericmnon-relitluorumcon·
1546 1054 1552 1080 ³

190 1203 339 1287 stituete
359 1229 370 1312 3
390 1256 398 1273 .
417 1224 581 1311 quornm
628 1197 889 1280 terminorum·
914 1210 1091 1281 numerus
1122 1222 1210 1283 cum
1242 1199 1287 1281 lir
1315 1224 1371 1281 Ξ
1391 1222 1415 1276 a
1435 1220 1473 1304 n,

189 1330 416 1441 sequeretur,
433 1326 626 1411 nullaalla
646 1338 851 1435 praeterea
866 1325 948 1408 dari
980 1326 1252 1433 noa-relicitur,
1283 1350 1412 1435 quare,
1445 1322 1474 1411 fi
1556 1324 1560 1333 ’

190 1456 363 1567 affiguari
396 1454 519 1563 pollet
564 1454 752 1563 quispiam
804 1476 1029 1559 numeror„
1065 1456 1118 1539 iu·
1146 1450 1250 1536 serie
1288 1451 1476 1538 non-ress-

190 1584 356 1666 dnorum
390 1602 619 1685 contentus,
659 1580 723 1689 qui
755 1602 834 1661 non
867 1578 958 1661 esset
989 1580 1322 1687 complementum
1353 1582 1475 1665 cuius-

190 1713 300 1820 piam
335 1711 490 1791 termini
523 1708 561 1787 in
593 1704 695 1786 llario·
719 1706 947 1793 refiduilrssffl
990 1724 1221 1810 comentur,
1273 1707 1380 1789 simul
1420 1712 1477 1789 ie·

190 1854 365 1947 queretur
397 1833 546 1917 nullum
579 1830 692 1937 plane
727 1828 1066 1941 complementum
1099 1829 1203 1915 strici
1243 1831 1472 1922 residuorum

192 1966 232 2049 iu
263 1960 357 2046 serie
389 1948 722 2041 non-refiduorum
757 1982 968 2042 occurrere.
1029 1956 1118 2043 Hoc
1152 1982 1245 2068 ergo
1262 1956 1474 2050 lidemon-

192 2089 292 2177 ss‘rrti
326 2080 483 2199 poll'er,
515 2085 715 2169 haberetur
747 2082 1024 2171 demonstratio
1055 2080 1288 2197 desiderata„
1317 2106 1358 2169 et
1389 2086 1474 2199 qni·
1594 2176 1605 2190 κ

192 2220 282 2301 dem
328 2213 482 2299 artem.
576 2210 684 2298 Nam
733 2212 1008 2299 demonstratio
1058 2212 1239 2304 indirecta
1273 2217 1350 2300 iam
1384 2214 1476 2323 inde

193 2346 329 2449 datur,
381 2340 498 2453 quod,
534 2336 821 2445 demonll'raui,
862 2365 1026 2427 omnem
1060 2366 1259 2430 numerum
1299 2346 1474 2455 primum
1594 2372 1599 2388 ’

191 2474 340 2555 formae
388 2484 589 2573 ΔΑΗ-ι
643 2464 721 2552 ell'e
768 2466 959 2553 summam
986 2470 1156 2554 duorum
1184 2472 1476 2579 quadratorum:

191 2622 310 2711 quare
343 2595 371 2681 sr
400 2596 444 2679 stt
474 2595 1017 2703 4n÷1zaa÷bb,
1051 2598 1302 2683 *residuorum
1336 2624 1385 2680 ex
1417 2594 1477 2682 his

191 2723 380 2836 quadratis
411 2746 474 2807 aa
508 2741 547 2805 et
573 2721 632 2805 bb
663 2739 838 2805 ortorum
874 2720 1035 2805 alterum
1067 2725 1220 2805 alterius
1258 2725 1330 2806 erit
1367 2748 1475 2807 com·
1565 2814 1570 2828 ⁸
1660 2742 1664 2749 ·

190 2854 431 2961 plumentum
452 2912 473 2954 ‚.
510 2848 686 2958 hincque
724 2870 852 2956 porro.
874 2844 987 2929 recle*
1011 2845 1266 2951 concludiiut,
1301 2850 1477 2961 cariusque
1573 2885 1576 2889 ·

192 2976 328 3062 residui
345 2973 811 3085 complementumsrmul
828 2970 973 3058 iusetie
992 2971 1227 3061 residuorum
1246 2967 1466 3061 contineri?

494 3129 1171 3238 TflssquMn1n

350 3277 422 3362 85.
470 3261 515 3344 Si
554 3264 594 3342 in
626 3262 716 3346 lerie
745 3263 977 3348 residuorum
1017 3291 1059 3370 r,
1093 3293 1129 3368 α,
1167 3265 1209 3378 β,
1246 3295 1300 3378 γ,
1333 3258 1375 3373 δ,
1404 3285 1478 3379 etc.

196 3415 286 3502 quae
321 3416 371 3473 ex
403 3389 586 3472 diuisione
619 3388 890 3498 quadratorum
923 3417 992 3502 per
1018 3417 1226 3489 numerum
1267 3419 1476 3503 quemcun›

194 3543 266 3630 que
293 3534 325 3630 p
356 3518 538 3624 oriuntur,
570 3503 740 3600 occ'urrrt
771 3520 987 3624 terminus,
1035 3503 1100 3629 qui
1133 3519 1177 3604 fit
1208 3522 1480 3632 complemen·
1534 3533 1541 3550 ’

197 3665 278 3730 tum
299 3643 485 3748 «sommae
516 3645 683 3727 duorum
715 3641 878 3727 aliorum
912 3649 1183 3755 terminorum,
1219 3671 1303 3731 tum
1328 3647 1478 3732 stamma

199 3775 314 3856 trium
364 3769 628 3881 quadraturam
661 3769 836 3856 exhiberi
871 3773 993 3880 potell
1026 3779 1094 3884 per'
1128 3799 1333 3858 numerum
1362 3791 1392 3884 p
1422 3773 1480 3854 di·

200 3913 363 4023 visibilis,
393 3915 519 3994 itaut
550 3912 686 3996 nullius
717 3893 886 4024 quadrari
919 3918 1027 4000 radix
1046 3919 1169 4006 maior
1186 3917 1227 3999 su
1244 3939 1361 4026 quum
1380 3894 1443 4030 {-
1475 3901 1486 3916 '

429 4117 1334 4225 Dru-Mousruaulos

223 4358 239 4374 ..
346 4261 429 4350 Sint
456 4287 480 4348 r
512 4285 558 4346 et·
584 4291 604 4350 s
635 4263 773 4348 residua
804 4289 853 4348 ex
883 4267 1027 4352 duobus
1058 4268 1247 4376 quadratis
1280 4273 1479 4364 auctib

199 4389 385 4499 oriunda,
415 4415 579 4502 quorum
613 4389 767 4479 summa·
791 4409 968 4503 :rul-
990 4423 1021 4497 r,
1053 4398 1203 4507 eiusque
1235 4424 1328 4509 ergo
1364 4425 1481 4485 tom-
1527 4439 1534 4452 ·

264 4512 697 4616 Tqm.V.Non.C0m.
1034 4516 1075 4608 G
1305 4527 1479 4638 plemen·
