4517 5875
768 474 804 603 ii
832 506 892 591 ss
925 474 960 601 ii

365 740 500 861 Ipsum
541 742 677 831 deinde
706 742 773 835 nbi
826 738 979 857 propos
981 758 1063 829 tunt
1112 738 1310 855 negotium
1346 748 1518 865 exsequis

213 892 301 981 tur,
332 876 556 963 deducendo
584 900 638 959 ex
666 874 981 959 obseruationibus
1010 874 1266 988 longitudines
1291 900 1400 993 atque
1431 880 1518 969 lari·
1613 914 1616 918 ’

212 988 361 1093 tudinei
386 1001 550 1111 Lunae,
581 1028 669 1113 quas
699 1003 739 1086 in
771 1004 959 1111 utriusque
991 1000 1232 1112 Eciipseos
1219 1007 1328 1089 initio
1343 1032 1389 1092 ac
1406 1008 1516 1120 fine,

211 1154 304 1219 tere
339 1134 508 1238 habuit,
548 1130 689 1239 basque
737 1146 827 1213 cunr
868 1126 1167 1237 longitudinibus
1223 1151 1336 1242 atque
1385 1136 1518 1222 latitu-

209 1262 402 1383 dinibus,
449 1260 496 1345 ad
545 1260 680 1343 eadern
733 1276 975 1361 momenta,
1026 1280 1077 1339 ex
1127 1254 1263 1341 tabulis
1309 1258 1518 1349 Halieianis

208 1328 403 1499 ueduata,
430 1384 590 1473 confert
663 1382 935 1499 Deprehendit
967 1384 1058 1487 src,
1100 1385 1263 1471 omniuo
1296 1385 1520 1477 sanabiliter

207 1542 230 1603 a
260 1514 373 1603 coelo
404 1518 572 1603 aberrare
599 1496 742 1629 sispius
757 1516 879 1601 distas
898 1512 1072 1623 tabulas,
1098 1512 1258 1625 fataque
1275 1512 1515 1631 suppeditare

206 1638 341 1735 Lunae
376 1642 478 1731 loca

357 1769 534 1857 Difficile
565 1768 644 1878 est,
679 1768 747 1859 nin
779 1770 907 1886 plures
937 1768 1215 1860 obseruationes
1230 1773 1323 1859 aliae
1346 1841 1359 1881 ,
1381 1774 1516 1865 debita'

203 1902 440 1989 accuratione
457 1899 669 2003 institutae,
686 1902 725 1981 iu
743 1902 930 1983 auxilium
954 1922 1164 2007 vocentur,
1190 1906 1399 1999 extricare,
1414 1930 1513 2011 quan

203 2030 400 2143 praecipue
424 2024 631 2114 tabulatum
664 2020 804 2109 Halieii
838 2025 1025 2111 elerirenta
1062 2046 1259 2136 peccent,
1292 2054 1513 2143 erroresque

204 2161 292 2246 istos
319 2162 561 2271 progignunt.
592 2151 732 2241 Solerti
759 2156 917 2241 iuterim
949 2154 1121 2251 instituta
1139 2155 1428 2267 disquiiitione,
1456 2184 1510 2245 eo

206 2288 388 2399 pertingit
419 2286 572 2371 tandem
607 2283 771 2391 audior,
817 2302 863 2367 ut
914 2282 1115 2391 ostendat,
1164 2310 1240 2397 pro
1287 2288 1510 2373 reducendis

42 2427 43 2444 ¹
151 2410 158 2427 '
204 2412 338 2500 tabulis
367 2412 597 2515 Halleianis,
640 2412 687 2496 ad
730 2411 914 2497 eradium
959 2436 1053 2499 cunt
1095 2414 1214 2497 coelo
1252 2414 1507 2525 consensum,
1629 2471 1633 2477 -
1752 2481 1757 2488 .

202 2564 298 2655 opus
338 2542 442 2650 effe,
471 2561 518 2626 tt
548 2538 751 2626 Paratianis
779 2538 910 2636 Lunae
951 2538 1081 2626 hutiz
1116 2541 1312 2629 Halieiana
1332 2543 1504 2653 aborru-

203 2686 286 2757 tum
321 2690 528 2779 augeatur,
560 2666 666 2752 locus
695 2694 789 2753 uero
820 2669 910 2751 nodi
942 2667 1071 2753 Lunae
1105 2672 1251 2754 rnedius
1282 2696 1333 2755 ex
1365 2674 1506 2761 iisdem

200 2798 261 2884 his
293 2798 424 2882 tabulis
452 2794 664 2902 dedudbus,
697 2797 842 2919 aliquot
872 2798 1025 2880 rninutis
1056 2818 1366 2908 promoueatur,
1384 2824 1506 2913 quan·

199 2946 260 3014 tae
309 2949 406 3010 reto
457 2921 656 3007 elementis
698 2910 908 3008 Halieianis
956 2919 1140 3035 praecise
1160 2923 1392 3012 adhibendae
1429 2929 1503 3016 fint

199 3055 468 3162 corredtiones,
476 3049 655 3138 hattenu
671 3075 761 3138 cum
779 3052 1006 3141 certitudine
1014 3054 1272 3144 determinare
1282 3080 1362 3144 non
1374 3058 1504 3215 audet.

807 3307 885 3406 111,

197 3495 638 3630 obseruationes
678 3499 1136 3656 Astronomicae‚
1177 3500 1274 3634 sub
1315 3508 1496 3644 finem

413 3679 560 3798 anni
588 3673 807 3843 Lipsiae
843 3713 994 3837 1751
1036 3663 1280 3833 habitae.

379 3879 426 3964 a
472 3843 719 3971 Godoir
763 3847 996 3974 Heinsio
1047 3895 1104 4024 p
1155 3861 1310 4014 467

191 3965 515 4307 obscuratae
561 4127 690 4200 autent
730 4115 813 4200 sunt
858 4113 1081 4202 Occuitatio
1135 4111 1237 4205 Iouis
1276 4119 1483 4232 partiatur

360 4239 469 4326 Luna
488 4245 668 4352 ,.quaed
692 4257 750 4346 29
780 4241 1077 4334 Decembrisst'.
1112 4247 1153 4330 n
1183 4249 1271 4332 anni
1297 4247 1496 4361 supradidi

186 4373 356 4473 accidit,
405 4387 446 4452 et
487 4369 654 4480 Eclipssr
706 4359 920 4458 Sateiiirunr
964 4377 1138 4462 iouisd
1173 4388 1232 4476 2'7
1266 4375 1497 4465 Decembris

41 4603 43 4618 ,
185 4491 297 4577 ibn
307 4497 393 4582 de
425 4503 555 4610 quibus
583 4503 626 4592 iu
654 4502 892 4626 compendio
927 4509 1115 4622 quaedam
1147 4505 1293 4612 dicere,-
1320 4506 1505 4620 superua-

41 4621 43 4678 ι
183 4643 352 4715 oneum
380 4624 492 4718 iuret.

1408 4761 1489 4882 We
