4517 5875
823 510 919 610 ³³⁶
1000 489 1252 588 mnam
1278 411 1560 583 slucl'lls
1591 481 1924 601 rutmors,

819 725 1027 810 radlerlbus
1058 723 1280 834 specificisr
1300 723 1351 806 ab
1383 717 1517 804 nostro
1545 715 1780 804 dillinsbrm.
1861 713 2017 802 Interea
2043 742 2098 802 re·

819 853 1019 936 tinendum
1071 853 1127 935 esl
1178 873 1327 934 nomen
1356 847 1576 958 specificam
1614 845 1777 931 Linnaei
1807 845 1849 928 io
1881 842 1954 930 hac
1987 847 2098 934 nostra

819 981 973 1090 specie,
1019 995 1059 1062 et
1108 981 1136 1064 sr
1183 977 1455 1090 inposterum
1492 977 1605 1086 copia
1635 973 1749 1058 nobis
1778 973 1932 1060 dabitur
1961 974 2100 1062 alterius

817 1106 987 1217 speciei,
1034 1106 1141 1192 illam
1171 1107 1405 1190 consremus
1435 1129 1524 1189 cnm
1556 1101 1680 1187 nostra
1712 1107 1945 1214 praesente,
1999 1125 2099 1190 nota·

820 1236 894 1320 turi
944 1259 1082 1322 omnes
1129 1233 1392 1340 differentias,
1443 1257 1536 1344 quas
1579 1231 1772 1315 euidentes
1822 1249 1864 1315 et
1911 1235 2099 1318 certaria

816 1367 984 1474 utrisque
1013 1367 1204 1472 speciebus
1229 1361 1310 1446 else
1339 1361 1623 1446 existimamus.
1689 1358 1856 1445 Nomen
1895 1355 2101 1445 Columnae

818 1493 928 1602 supra
981 1494 1175 1580 citatum,
1224 1508 1266 1572 et
1314 1491 1418 1600 qood
1448 1487 1595 1588 nostrae
1627 1483 1781 1597 plantae
1813 1486 2099 1600 adscripsimus,

818 1619 950 1702 tribuit
982 1615 1098 1702 illust.
1141 1615 1319 1703 Hall'erus
1349 1616 1468 1702 Hort.
1498 1608 1638 1700 Goett.
1672 1636 1806 1722 1753.
1844 1629 1888 1704 8.
1923 1640 1965 1724 p.
2001 1635 2099 1720 245.

815 1744 985 1856 Lepidio
1034 1747 1133 1830 soliis
1181 1745 1347 1858 pulposis
1391 1744 1628 1830 subrotundis
1673 1746 1841 1830 antherio
1879 1741 2099 1829 lateralibus.

815 1868 895 1958 Sed
925 1899 1013 1957 cum
1050 1876 1088 1957 iu
1120 1875 1245 1958 nostra
1285 1876 1412 1987 planta
1463 1872 1551 1958 solia
1597 1881 1733 1957 omnia
1781 1871 1856 1956 fint
1899 1867 2101 1960 lanceolata

816 2017 860 2084 et
890 1999 1072 2085 antherae
1106 2000 1331 2086 filamentis‘
1346 2001 1579 2112 impositae,
1625 2025 1749 2109 noque
1780 2001 1871 2094 tuba
1910 1997 2024 2110 longa
2065 2019 2100 2086 et

816 2125 1033 2212 cusl‘escens
1067 2128 1312 2234 lnueniatur,
1359 2128 1547 2215 dubitatio
1576 2127 1796 2241 suboritur,
1845 2149 1945 2215 num
1975 2127 2099 2218 adan

813 2255 891 2364 fit,
921 2281 1037 2370 quarn
1070 2259 1345 2370 descripsimus.

1339 2500 1377 2577 ἡ
1537 2495 1575 2578 ¹*

1439 2556 1477 2636 ll<

962 2763 1166 2880 Superiori
1213 2791 1316 2853 anno
1359 2795 1383 2853 a
1430 2763 1517 2856 Cel.
1567 2767 1781 2881 Lndwigio
1824 2765 1957 2882 Liplia
2004 2771 2102 2864 milri

811 2895 1082 3005 nuntiabatur,
1120 2899 1297 3009 prodirlse
1329 2895 1497 2983 londini
1534 2913 1651 3003 1756
1701 2927 1737 3005 4
1781 2899 1925 2985 librum
1974 2907 2100 2992 inlcri·

812 3048 953 3137 ptum:
1001 3026 1093 3112 The
1126 3027 1274 3111 natural
1307 3028 1455 3146 history
1486 3026 1540 3113 of
1558 3030 1720 3141 Aleppo
1746 3030 1821 3114 and
1851 3049 1955 3139 parts
2001 3034 2101 3118 adia·

810 3176 918 3239 cents
969 3154 1023 3261 by
1072 3156 1297 3239 Alexander
1343 3155 1521 3265 Russell,
1568 3157 1612 3241 in
1658 3182 1738 3268 quo
1765 3158 1997 3245 delineatum
2027 3164 2100 3248 elle

810 3280 911 3367 Tab.
947 3279 979 3364 1.
1014 3309 1056 3389 p.
1094 3312 1171 3389 33.
1206 3284 1371 3394 plantam
1409 3310 1523 3393 quam
1575 3288 1854 3395 exposuimus,
1900 3306 1943 3369 et
1991 3316 2100 3376 com·

810 3411 967 3521 pellari:
1002 3408 1160 3521 Thlalpi
1191 3412 1373 3493 orientale
1405 3412 1586 3517 saxatile,
1635 3413 1732 3497 flore
1761 3416 1957 3522 rubente,
2005 3414 2102 3505 sollis

808 3536 1025 3646 polygalae,
1058 3538 1193 3647 petalis
1223 3538 1364 3621 flomm
1383 3540 1608 3652 aequalibus.
1675 3542 1827 3627 Toum.
1849 3537 2001 3627 Coroll.
2026 3570 2096 3647 15.

808 3658 1062 3777 Impossibile¹
1091 3664 1160 3748 suit
1198 3664 1322 3749 adhuc
1352 3670 1559 3777 impetrare
1589 3671 1692 3755 hunc
1721 3673 1861 3755 librom
1909 3696 1965 3757 ex
2014 3673 2099 3758 An·

806 3786 918 3901 glia,
959 3790 1049 3877 hinc
1081 3794 1126 3877 de
1159 3792 1280 3902 figura
1311 3813 1349 3876 et
1380 3796 1664 3905 descriptione,
1712 3798 1885 3909 siquae
1934 3802 2100 3911 adpofita

807 3918 890 4025 est,
941 3919 1102 4003 iudicare
1155 3924 1318 4005 minime
1368 3927 1511 4009 ualent
1541 3944 1706 4011 attamen
1756 3927 1998 4011 necessarium
2029 3929 2100 4013 else

808 4049 955 4154 putaui,
987 4049 1104 4133 etiam
1139 4049 1297 4155 allegare
1331 4048 1552 4163 scriptorem
1587 4052 1908 4173 recentissimum,
1939 4058 2008 4167 qni
2023 4056 2100 4141 hu·

807 4172 865 4260 ius
895 4174 1047 4288 plantae
1078 4180 1321 4265 mentionem
1354 4182 1501 4287 iniecit,

1905 4305 2095 4401 EXPLI-
