4517 5875
698 455 701 460 ·
832 455 938 554 ³⁶4:
986 433 1917 581 'Anrnnnrrnouourunnnr

827 669 1050 754 muiracum
1071 669 1116 755 iis
1133 698 1205 783 per
1220 667 1458 767 multosdies
1477 663 1665 776 protracte
1682 665 1859 751 denariis
1883 667 1995 753 rebus
2016 669 2095 756 eoi·

699 780 708 795 ’
825 799 962 906 loquin,
980 820 1052 906 pro
1072 802 1265 884 veracibus
1279 821 1357 892 non
1374 815 1552 899 tantum,
1568 793 1630 874 sed
1648 813 1688 875 et
1704 811 1855 876 neutrae
1871 798 2100 902 cognitionis

826 923 1036 1007 amantibus
1080 925 1301 1010 horninibus
1330 923 1586 1005 hubere'cum
1618 918 1818 1027 roinpta'te
1847 922 2005 1006 cnaeus
2035 921 2097 1008 fui.

824 1050 877 1136 Hi
896 1053 1132 1155 asseruetunt,
1148 1057 1185 1135 se
1204 1078 1273 1162 per
1286 1075 1406 1134 annos
1421 1071 1536 1155 quarn
1568 1045 1788 1154 plurimun,
1818 1048 1952 1158 quibus
1982 1073 2103 1134 vent·
2196 1080 2197 1099 ¹

826 1177 922 1262 tioni
953 1177 1128 1262 Isatidunr
1164 1180 1381 1283 inhiarunt,
1409 1199 1490 1257 non
1521 1197 1595 1256 una
1627 1176 1715 1256 nice
1746 1173 2102 1283 prolem'isnridnm
2197 1180 2199 1223 '

825 1303 988 1408 vidite,
1017 1311 1186 1388 matrem
1218 1307 1292 1389 fiue
1323 1303 1521 1388 candidam
1553 1300 1631 1382 flue
1657 1303 1850 1386 cinereum
1878 1301 2100 1409 seiinnteru,

826 1431 931 1512 cuius
978 1431 1144 1538 plurimu
1188 1431 1383 1515 indiuidua
1426 1425 1588 1539 eandida
1627 1448 1768 1534 erant,
1818 1429 1983 1514 unicumv
2003 1433 2102 1515 forte

811 1555 1052 1664 cinereum,
1101 1559 1229 1666 plures
1273 1581 1369 1639 uero
1399 1554 1470 1636 esse
1502 1551 1626 1661 proles
1646 1615 1660 1656 ,
1681 1584 1686 1596 ·
1708 1553 1871 1663 quntum
1903 1559 2102 1664 indiuinnr,

825 1687 957 1766 omnin
988 1681 1059 1764 sint
1087 1687 1273 1792 candide,
1320 1683 1392 1766 hac
1423 1681 1571 1764 circiter
1600 1685 1773 1784 ratione,
1828 1701 1875 1764 ut
1903 1687 2003 1768 inter
2033 1684 2103 1769 iin-

823 1809 927 1918 gulns
958 1826 1033 1891 tres
1062 1804 1243 1893 lintidum
1275 1809 1431 1920 proles,
1479 1830 1640 1915 quarum
1672 1807 1836 1916 fingulre
1879 1811 1926 1892 nd
1972 1803 2104 1918 uiginti

825 1952 865 2016 et
897 1935 981 2044 plus
1011 1935 1200 2020 interdum
1242 1936 1449 2021 indiuidua·
1477 1936 1707 2033 continent,
1762 1936 1918 2018 unicum
1970 1938 2103 2020 inniui·
2145 2031 2150 2043 .

643 2113 653 2120 -
787 2058 940 2143 nuum
972 2063 1114 2144 cinerei
1145 2063 1287 2145 colotis
1318 2059 1594 2168 conspiciatur,
1642 2085 1713 2141 nec
1743 2083 1912 2168 unquam
1961 2062 2001 2146 se
2045 2065 2101 2148 n·-

825 2182 925 2268 diffe
971 2185 1158 2296 prolem,
1205 2193 1312 2272 cuius
1353 2188 1491 2270 omnin
1536 2186 1727 2268 indiuidua
1770 2195 1921 2272 oneret
1943 2189 2100 2275 fintene

702 2381 705 2388 .
827 2311 975 2422 Quodsi
1023 2313 1118 2395 haec
1163 2311 1373 2397 obseruatio
1415 2331 1523 2396 ceren
1572 2311 1661 2414 est,
1707 2314 1801 2396 iuiin
1848 2315 2102 2428 conliquent'n

824 2435 943 2544 fluit,
972 2435 1152 2522 littidem
1180 2443 1378 2525 cinereum
1406 2438 1602 2522 candidae.
1625 2441 1847 2522 varietatem
1877 2443 1972 2526 effi.

973 2559 1102 2646 Locus
1137 2569 1270 2652 natalie
1295 2563 1448 2650 isntidit
1473 2565 1532 2646 est
1557 2569 1608 2648 nd
1637 2565 1744 2648 littus
1771 2570 1892 2650 matis
1917 2570 2100 2680 glacialis,

737 2715 743 2724 ·
825 2705 868 2771 et
898 2688 946 2773 nd
976 2715 1118 2774 omnes
1144 2693 1284 2778 fluuios
1309 2713 1521 2802 amnesque
1549 2693 1592 2774 in
1621 2691 1716 2774 iliud
1744 2694 1784 2775 se
1827 2717 2099 2804 exonerantes,

826 2839 1018 2926 quousque
1051 2839 1182 2902 eorum
1210 2821 1339 2905 littora
1386 2817 1499 2925 syiuis
1546 2821 1645 2902 nuda
1694 2821 1804 2924 irnt,
1856 2823 2024 2932 adeoque
2062 2825 2099 2906 in

824 2944 984 3049 regione
1031 2942 1214 3029 Kolimne
1262 2947 1368 3032 fluuii
1417 2948 1470 3031 ad'
1509 2944 1769 3031 Koiirnensem
1819 2972 1937 3061 usque
1963 2976 2098 3057 arcem,

825 3065 968 3170 tsttu,
1000 3094 1119 3177 quem
1149 3072 1319 3181 respectu
1352 3072 1457 3155 fluuii
1500 3092 1626 3179 tenet,
1678 3072 1896 3161 inferiorem
1947 3079 2098 3183 distant,

825 3194 869 3278 in
901 3195 1050 3303 regione
1082 3194 1292 3309 Indigircae
1324 3200 1428 3283 fluuii
1458 3199 1507 3281 nd
1544 3222 1702 3283 emnem
1751 3226 1868 3311 usque
1915 3200 2101 3311 Osrhogi·

828 3342 956 3425 nuu,
986 3321 1023 3402 in
1056 3326 1215 3430 regione
1243 3326 1373 3411 irenen
1403 3326 1509 3408 fluuii
1539 3328 1587 3410 ed
1617 3328 1747 3409 locum
1780 3330 1998 3437 quendam,
2026 3326 2101 3413 Cn-

830 3442 1026 3529 turc-ssur
1057 3468 1267 3555 vocatum,
1316 3456 1355 3535 in
1386 3454 1543 3561 regione
1574 3452 1733 3536 Oleneci
1767 3455 1816 3537 nd
1844 3478 1980 3563 perenn
2028 3455 2101 3540 stre

828 3591 851 3653 t
884 3572 981 3653 mari
1010 3569 1224 3658 distantiam
1244 3641 1273 3691 „
1304 3580 1345 3662 in
1370 3580 1530 3687 regione
1559 3574 1780 3687 Chrteugne
1808 3584 1861 3663 nd
1890 3581 2099 3669 Lucinernr

826 3714 945 3803 'esque
976 3696 1167 3800 fluuium,
1200 3705 1243 3784 in
1273 3708 1434 3812 regione
1462 3702 1643 3789 Pinffidae
1673 3705 1781 3789 fluuii
1809 3710 1855 3790 nd
1886 3705 2100 3817 Dndiptnm

825 3842 977 3931 usque,
1033 3825 1074 3907 in
1105 3827 1264 3934 regione
1295 3830 1458 3914 leniseae
1488 3830 1534 3914 nd
1565 3830 1795 3939 superiorem
1828 3856 1949 3943 usque
1980 3832 2102 3919 Dudi·

828 3970 919 4030 ntm
952 3948 1125 4036 fluuium.
1225 3954 1358 4044 Multo
1384 3980 1503 4066 pono
1531 3957 1614 4040 sunt
1645 3956 1750 4041 fluuii
1802 3980 2018 4065 nntnesue,
2058 3961 2100 4043 in

830 4076 1047 4159 nominatos
1096 4077 1291 4189 lubenter,
1341 4071 1505 4193 quorum
1544 4083 1670 4167 littore
1700 4084 1749 4167 nb
1779 4083 1973 4170 Isatidibus
1998 4096 2105 4170 ineo—

830 4192 974 4286 luntur.
1042 4198 1117 4299 'Sic
1153 4230 1248 4322 prae
1275 4210 1428 4325 reliquis
1452 4208 1621 4301 celebres
1646 4214 1729 4317 sunt
1756 4211 1953 4301 infitiores
1981 4216 2103 4324 regin·

1322 4403 1326 4407 -
2037 4361 2101 4426 Μ
