4517 5875
749 518 808 681 aa
829 508 908 601 na
942 500 1249 597 urrunnu
1281 464 1706 593 profuturam·
1728 492 2018 632 Annona

749 741 845 827 titur
927 734 1151 838 conditio,
1232 751 1277 819 tt
1355 732 1521 817 forrum
1585 727 1708 841 speeie
1774 728 2045 815 tantundem

696 858 919 981 -Jlsldx
928 861 1091 975 -l-dy')
1140 860 1209 947 fiat
1256 859 1495 978 algebrrica,
1542 858 1601 943 stu
1640 879 1686 939 vt
1718 854 2045 942 htr'tusfurruulae

753 996 866 1077 valor
913 991 1125 1098 algebraiee
1154 989 1332 1073 exhiberi
1361 1006 1487 1097 queat„
1584 980 1830 1071 Manifestum
1864 984 1931 1085 est,
1964 986 2045 1069 hoc

756 1121 1025 1235 problemate,
1074 1119 1177 1228 quod
1206 1117 1318 1199 instat
1349 1115 1526 1223 exempli
1557 1101 1772 1216 attulimus
1804 1116 1934 1256 quaeri
1963 1136 2047 1196 cut·

757 1273 826 1335 uas
858 1248 1100 1356 algebtairus‚
1132 1266 1228 1353 quae
1258 1244 1330 1327 fint
1360 1242 1653 1349 aedificabilem
1681 1243 1819 1347 relatio
1846 1240 1955 1323 euim
1989 1242 2047 1357 in·
2208 1245 2209 1278 ¹

692 1412 694 1415 ·
755 1392 817 1461 ter
848 1402 878 1461 x
910 1394 948 1457 et
967 1400 1037 1477 y,
1065 1395 1162 1481 quae
1199 1371 1437 1455 coordinatas
1477 1394 1613 1456 cumae
1642 1370 1890 1465 denotabunt,
1920 1358 2047 1477 requi-

755 1506 851 1591 titur
890 1499 1130 1609 algebraica‚
1178 1498 1279 1579 ande
1309 1495 1474 1602 quaestio
1505 1498 1603 1580 eirca
1643 1519 1773 1579 curura
1819 1486 2054 1605 algebtaitas

756 1631 952 1734 vetatur,
996 1643 1035 1707 et
1083 1649 1174 1709 cum
1223 1620 1335 1705 huius
1378 1644 1515 1705 eutuae
1571 1642 1680 1704 arcus
1727 1621 1927 1703 indefinite
1949 1644 2050 1730 per
2209 1715 2210 1718 Ν

743 1748 1100 1871 JV(drr²-l-dy⁸l
1149 1752 1424 1863 exprimatur,
1470 1750 1620 1859 quoties
1652 1744 1719 1830 illa
1751 1746 1918 1831 hunolt
1945 1736 2052 1857 alga

757 1884 882 1969 braiea
914 1880 1103 1983 reddetur,
1136 1879 1250 1963 toties
1280 1874 1358 1989 ipsa
1386 1899 1500 1963 curua
1529 1878 1601 1960 erit
1628 1873 1896 1961 aedificabilis.
2037 1944 2042 1950 .

780 2040 784 2048 ⁵
867 2069 1000 2159 Simili
1035 2044 1160 2155 modo
1198 2068 1230 2155 fi
1270 2095 1407 2155 omnes
1451 2092 1516 2152 eae
1549 2088 1684 2151 ruruae
1715 2067 1949 2179 algebraicae
1980 2060 2050 2155 doss
2210 2091 2211 2174 l

759 2200 975 2315 (iderentur,
1007 2214 1102 2311 quae
1135 2200 1202 2282 stur
1234 2198 1479 2309 quadrandae,
1510 2190 1744 2309 perspicuum
1775 2194 1830 2280 tst
1831 2199 2050 2307 ,quaestio-

761 2353 855 2415 nem
900 2328 978 2412 huc
1011 2328 1169 2426 redire,
1198 2344 1245 2409 ut
1276 2352 1343 2411 eae
1376 2325 1610 2417 relationes
1600 2344 1700 2407 tuter
1730 2328 1951 2434 quantitates
1982 2320 2054 2420 aa}
2142 2322 2147 2332 '

761 2456 911 2541 riabiles
941 2478 971 2540 x
1004 2470 1045 2537 et
1071 2480 1095 2561 γ
1123 2450 1369 2562 atfignenrur,
1401 2454 1530 2570 quibus
1561 2452 1652 2535 haer
1682 2458 1772 2534 lom
1788 2453 1846 2536 ula
1864 2454 2056 2563 integralis
2132 2511 2136 2519 .
2211 2513 2212 2582 ;

714 2574 916 2697 sydx
906 2582 1200 2691 integrationem
1230 2584 1418 2691 admittat,
1449 2602 1562 2694 atque
1588 2582 1633 2665 ad
1664 2577 1835 2666 valorem
1866 2580 2053 2691 algebtti·
2211 2585 2212 2602 ¹

762 2734 854 2802 tum
888 2714 1124 2825 perducatur.

914 2902 996 2988 Etfi
1032 2919 1162 2986 autem
1200 2898 1269 2986 hie
1299 2850 1538 3010 potidimum
1577 2900 1805 3012 quantitates
1831 2898 2056 3012 alqebraicae
2190 2886 2194 2893 ’

763 3030 850 3118 sunt
879 3029 1127 3140 propositae,
1177 3031 1336 3136 perinde
1367 3050 1483 3139 atque
1515 3032 1552 3110 in
1581 3029 1773 3115 methodo
1803 3026 2057 3142 Diophantea

679 3172 709 3242 .’
765 3160 992 3268 quantitates
1024 3157 1227 3241 rationales
1257 3153 1415 3267 speetati
1445 3150 1595 3265 staleutq
1642 3180 1774 3242 omen
1821 3181 1871 3240 eo
1903 3183 2055 3267 quoque

764 3281 983 3372 referendae
1033 3285 1114 3368 suot
1161 3285 1349 3368 eiuatuodi
1397 3282 1669 3391 quallioues‚'
1708 3279 1849 3394 quibus
1869 3282 2056 3386 lirrmulae

767 3415 968 3525 quaepiam
1007 3411 1208 3520 integrales
1236 3436 1314 3495 uno
1360 3410 1568 3520 algebtaice
1592 3413 1800 3522 erptiam,
1850 3411 1913 3496 sed
1964 3439 2058 3524 pro·

719 3541 725 3556 '
766 3539 932 3650 politam
982 3540 1166 3648 quandam
1217 3538 1559 3622 transcendentium
1608 3543 1856 3652 quantitatum
1889 3540 2055 3652 speciem

768 3666 972 3776 implicate
1002 3667 1175 3776 debent3
1206 3664 1325 3750 ueluti
1357 3667 1385 3750 st
1417 3689 1639 3778 quaerantur
1703 3651 1891 3776 eiusmodi
1921 3695 2057 3754 cuniae

764 3777 1017 3904 'algebtaictm
1047 3819 1207 3907 quarum
1258 3792 1485 3878 aedificatio
1534 3821 1617 3880 non
1666 3796 1878 3906 algebraiee
1922 3796 2058 3909 perfici

741 3941 896 4032 queat,
944 3921 1005 4004 Η
1044 3947 1066 4006 a
1100 3923 1317 4033 quadratura
1362 3921 1491 4006 cuculi
1519 3925 1692 4034 pendeat.
1775 3925 1913 4010 Variae
1948 3926 2058 4010 enim

768 4049 1116 4137 transcendentium
1163 4053 1415 4162 quantitatum
1463 4048 1604 4161 species
1650 4052 1957 4162 tommodiffitne
1991 4079 2060 4164 per

584 4248 593 4267 .
770 4175 1013 4286 quadrantras
1043 4179 1284 4286 cognitarum
1336 4201 1536 4264 cumarum
1588 4179 1835 4291 defignantut
1930 4181 2061 4268 Facile

770 4319 900 4386 autem
931 4303 1164 4413 intelligitur,
1194 4306 1357 4389 eaodem
1393 4306 1637 4415 methodum,
1669 4335 1764 4419 quae
1786 4333 1918 4396 curura
1946 4307 2062 4393 redii·

772 4427 941 4608 ficabiles
986 4433 1163 4562 inuenire
1189 4433 1340 4541 docet,
1368 4457 1521 4546 quoque
1548 4436 1598 4522 ad
1626 4460 1691 4524 eat
1720 4463 1865 4551 cunrat,
1897 4461 2061 4656 qqffi
