4517 5875
809 510 902 597 asc
980 473 1419 630 Anturrrtn
1452 440 1919 606 pvonVnoAM'
1956 481 2031 526 *-

804 709 976 826 orgyinr'n
1032 737 1112 800 non
1175 739 1263 800 raro
1327 711 1539 798 absoluerit.
1667 708 1813 796 Dicunt
1872 735 1974 796 veto
2027 711 2084 798 in·
2200 764 2201 771 κ

805 847 914 938 colae
963 869 1099 926 eorum
1149 843 1362 951 locorum,
1408 843 1560 951 quando
1611 835 1648 922 se
1694 841 1886 950 aliquare
1921 844 2085 949 pressum

694 1047 718 1095 ·.
801 974 1113 1082 sentim-equum
1143 970 1251 1056 sicile
1282 968 1488 1078 transilire,
1521 989 1563 1053 et
1594 962 1677 1054 uno
1707 970 1796 1054 saltu
1825 970 1943 1052 trium
1975 995 2092 1081 orgy-

805 1101 931 1191 iarum
965 1103 1091 1212 spatio·
1112 1099 1352 1212 promoueri.
1400 1151 1437 1158 .,

961 1279 1169 1382 Cuniculos
1202 1275 1345 1399 sedit,
1391 1284 1505 1404 idque
1552 1281 1650 1378 mita
1700 1289 1866 1414 agilitate
1914 1291 2088 1402 praestat.

805 1426 967 1514 Pedibus
1011 1425 1257 1510 anterioribus
1278 1441 1427 1504 terram
1462 1420 1591 1530 rudit,
1627 1413 1830 1504 denticulis
1862 1422 2002 1505 radices
2031 1423 2091 1505 ab·

803 1542 950 1658 scindit,
985 1571 1128 1637 tertam
1161 1553 1320 1633 solutam
1351 1568 1392 1630 et
1422 1554 1561 1634 radices
1591 1549 1753 1633 abscissas
1785 1551 1945 1658 pedibus
1969 1551 2093 1657 polle·

803 1683 962 1766 rioribus
993 1689 1186 1766 'remouet
1215 1695 1254 1759 et
1283 1678 1449 1785 proiicit.
1515 1678 1609 1762 Vidi
1656 1663 1728 1763 hac
1761 1679 1907 1759 ratione
1945 1679 2093 1766 cunicu-
2203 1710 2204 1725 Ν

769 1843 773 1850 ·
804 1810 889 1894 lum
925 1811 974 1894 ab
1005 1831 1063 1893 eo·
1088 1811 1197 1892 intra·
1228 1806 1376 1916 aliquot
1403 1807 1572 1890 minuta
1621 1809 1812 1915 temporis
1840 1808 1889 1889 acl
1914 1809 2089 1920 ,unciam

808 1937 930 2048 usque
967 1939 1006 2021 in
1041 1937 1323 2046 longitudinem
1363 1955 1602 2019 excauatum.
1668 1933 1799 2017 Habet
1852 1934 1951 2018 hanc
1999 1959 2091 2018 con·

807 2065 1042 2152 suetudinem
1075 2067 1275 2147 timidum·
1292 2064 1592 2168 animalculum,
1621 2081 1698 2167 ut3
1728 2063 1757 2146 st
1798 2065 2032 2148 venatoribus
2054 2065 2088 2146 sa

806 2193 986 2303 prelium,
1024 2193 1247 2302 saltibusque
1278 2193 1350 2272 suis
1378 2193 1640 2301 captiuitatem
1669 2190 1834 2300 effugere
1863 2193 1965 2276 haud
1982 2194 2088 2302 ⁴polle
2205 2264 2206 2311 q

807 2318 916 2404 sentit
932 2355 950 2423 ,·
989 2322 1197 2428 extemplo
1226 2318 1424 2428 cuniculos
1451 2319 1656 2418 fodiendo,
1687 2320 1767 2403 hoc
1796 2321 1864 2404 libi
1897 2321 2089 2432 postremo

674 2465 676 2470 ’
806 2447 951 2557 refugio
998 2448 1192 2530 consulere
1222 2463 1380 2528 tentet..
1423 2445 1529 2532 Mox
1560 2450 1698 2555 enim,
1743 2451 1903 2557 'quando
1935 2452 1973 2532 se
2000 2451 2087 2534 libe·

806 2599 898 2662 rum
929 2574 1086 2680 credit,
1125 2575 1303 2684 priorem
1335 2576 1551 2661 cuniculum
1575 2577 1735 2686 repetit.
1783 2651 1786 2658 .
1829 2577 1905 2664 Sed
1957 2581 2092 2686 denuo,

807 2726 1013 2814 antequam
1066 2703 1283 2788 cuniculum
1334 2701 1439 2787 suurn
1489 2706 1662 2814 consequi
1697 2702 1840 2815 possit,
1881 2709 1929 2790 ad
1970 2708 2093 2792 incitas

807 2831 1056 2934 tauronto,-
1088 2831 1194 2916 idem
1226 2851 1327 2940 opus
1355 2828 1522 2916 sossronis
1556 2831 1740 2940 inchoat,
1771 2836 1961 2947 vidique,
2008 2861 2091 2920 cunt

804 2961 920 3071 turba⁸
948 2956 1153 3070 hominurn
1188 2957 1280 3042 illud
1313 2962 1477 3069 undique
1509 2963 1786 3073 insequerent,
1845 2985 1904 3048 ter
1932 2986 1976 3051 et
2009 2994 2077 3079 qua

809 3106 868 3173 ter
900 3085 1101 3171 nffionern
1135 3091 1340 3199 repetitam
1379 3088 1498 3202 sitisse.

921 3276 969 3363 ln
1022 3276 1188 3361 saturam
1239 3278 1412 3364 hiemem
1461 3283 1566 3365 miro
1613 3305 1655 3370 et
1702 3287 1819 3396 sagaci
1864 3288 1932 3372 fibi
1976 3288 2091 3372 modo
2208 3265 2209 3274 Ν

804 3408 998 3519 prospicit.
1063 3406 1237 3491 Foennm
1284 3433 1334 3491 eo
1381 3429 1562 3518 tempore
1593 3413 1722 3519 secat,
1750 3418 1905 3524 quando
1932 3416 2089 3499 arescere

807 3536 966 3643 incipit,
1001 3531 1160 3641 illudque
1188 3537 1227 3616 in
1258 3560 1414 3618 aceruos
1443 3540 1545 3646 cogit
1579 3542 1900 3652 rotundiulculos‚
1931 3568 2088 3654 quorum

759 3772 762 3779 y
806 3663 937 3772 srnguli
994 3660 1136 3768 pedem
1176 3662 1370 3748 latitudine
1400 3687 1442 3746 et
1472 3667 1666 3753 altitudine
1693 3690 1886 3782 aequant,
1933 3672 2090 3755 soennm

805 3792 903 3875 bene
954 3790 1129 3872 siccatum
1181 3794 1251 3875 stris
1300 3797 1515 3902 importans
1559 3802 1753 3883 cuniculis.
1842 3796 1948 3883 Cum
1999 3801 2094 3884 haec
2208 3839 2209 3842 Ν

804 3917 1031 4004 animalcula
1065 3919 1263 4002 innumera
1300 3924 1414 4031 copia
1461 3926 1500 4007 in
1527 3930 1678 4037 campis
1708 3930 1871 4033 uiuant,
1902 3932 2004 4014 adeo
2048 3950 2096 4012 rt

806 4068 965 4157 propter
1000 4044 1190 4154 insignem
1220 4050 1518 4153 cuniculomm‚
1550 4082 1646 4163 quos
1677 4055 1892 4165 effodiunt,
1921 4060 2094 4168 copiam,

806 4202 875 4285 per
923 4169 1087 4281 campos
1140 4176 1228 4257 illos
1279 4176 1631 4288 proficiscentibus,
1698 4184 1845 4269 ratione
1892 4212 2097 4296 equorum,

809 4296 994 4425 doratinuo
1027 4300 1294 4417 titubantium,
1324 4327 1524 4420 perpetuas
1555 4312 1748 4399 moleliias
1779 4336 1938 4425 creent,
1987 4319 2096 4400 iuxta

828 4428 834 4453 ¹
929 4426 937 4463 ¹
1212 4430 1216 4437 ’
1276 4478 1280 4485 ·
1716 4433 1723 4443 ’
1886 4491 1891 4501 -
2027 4444 2099 4529 bas
