4517 5875
230 445 543 552 ANIMALW
544 453 600 543 M
628 447 1023 578 QVORVNDAM
1047 446 1343 580 QVADRVP.
1379 477 1473 560 err

334 687 444 770 Alter
495 685 623 769 minor
672 683 756 790 eli,
805 681 944 768 coloris
992 708 1060 792 per
1106 685 1240 768 omnin
1279 708 1336 769 ex
1368 665 1503 767 luteo'

194 800 310 918 lirici,
345 814 384 894 in
418 834 555 894 mento
584 832 624 894 et
653 809 825 895 auriculis
853 809 1085 924 aliquantum
1119 813 1308 924 pallidior.
1571 815 1578 830 '

344 940 503 1048 Reliqua
537 959 667 1050 petent
699 963 750 1020 ex
780 939 897 1048 figunt
938 939 1104 1038 adiecta,
1158 966 1271 1048 quam
1320 938 1476 1050 optime

191 1067 238 1148 ad
271 1067 404 1148 viuum
440 1069 652 1176 erprelltm
684 1069 733 1148 de
766 1065 1036 1150 Beresowienli
1069 1065 1151 1148 fieri
1177 1071 1316 1149 currui.
1380 1066 1475 1148 Hie·

190 1217 290 1294 rne,
340 1219 414 1296 qun
455 1195 569 1302 figunt
590 1193 773 1302 ,expressa
803 1193 887 1300 est,
935 1193 1068 1275 omnia
1099 1193 1152 1273 ita
1187 1192 1222 1276 se
1253 1190 1474 1299 hebebant,

189 1321 246 1400 vti
277 1323 398 1402 modo
427 1323 524 1404 dixi.
587 1320 935 1432 Appropinqunnte
966 1341 1057 1402 vere
1086 1319 1157 1430 pili
1207 1320 1251 1403 iin
1300 1318 1474 1404 defluxe-

187 1465 308 1552 runt,
342 1468 382 1540 et
411 1448 521 1532 color
552 1446 662 1556 plane
693 1447 789 1530 nlius
821 1447 1006 1531 inductos.
1101 1445 1387 1532 Beresowiensrs
1420 1469 1473 1527 ex

187 1574 309 1678 nigro*
336 1576 476 1657 luteo·
493 1577 635 1685 fuscus,
689 1574 948 1664 Tonrskiensn
977 1597 1028 1658 ex
1057 1571 1163 1657 luteo
1180 1621 1195 1638 ·
1215 1578 1317 1660 sulco
1334 1573 1472 1686 pallide

186 1698 314 1782 luteus
343 1701 461 1785 fndus
490 1705 556 1788 cll

339 1827 504 1914 Miratus
536 1832 615 1914 snm
651 1831 856 1938 agilitatem
890 1830 1033 1914 horum
1067 1829 1325 1938 animalium,
1378 1855 1470 1916 nrm

185 1951 375 2037 frocirm
408 1955 598 2068 appellare
628 1981 707 2038 non
752 1939 900 2041 nullm
964 1949 1067 2040 Cum
1101 1962 1275 2040 catusio
1312 1960 1472 2066 conspe·

185 2079 296 2162 diunt
328 2106 462 2166 eorum
498 2087 635 2188 venit,
668 2083 824 2193 pedibus
855 2083 1129 2192 posterioribus
1160 2084 1352 2188 inustum,
1382 2108 1470 2194 qun

184 2205 215 2290 fr
250 2234 398 2318 pugnae
430 2215 465 2292 le
499 2235 718 2320 praeparare
748 2211 901 2294 vellent.
966 2211 1036 2292 Per
1069 2208 1226 2292 nostem
1264 2208 1470 2318 plurimam

182 2355 334 2442 partem
369 2339 532 2446 inquiete
581 2340 732 2421 uiuunt.
811 2333 892 2418 Die
937 2336 1108 2442 saepius,
1160 2337 1336 2439 inprimis
1384 2339 1471 2446 post

182 2459 368 2568 pastum,
403 2491 471 2570 per
501 2463 715 2558 dimidiam,
747 2461 970 2569 quandoque
1000 2482 1072 2568 per
1101 2459 1303 2565 integrum,
1331 2460 1470 2546 horam

180 2585 399 2668 dormiunt.
480 2587 545 2670 Eo
581 2611 689 2686 ¹uero
718 2603 899 2696 ternpore
931 2587 1082 2696 pungi,
1132 2607 1186 2668 ex
1217 2587 1307 2670 loco
1340 2588 1379 2669 in
1413 2589 1470 2672 lo·

179 2705 277 2796 oum
312 2714 466 2821 proiici,
503 2737 547 2794 os
586 2714 657 2798 illis
689 2713 842 2822 aperiri,
875 2731 912 2795 et
943 2714 1286 2823 quomodocunque
1317 2714 1471 2800 tractari

178 2837 372 2949 poliunt,
405 2863 478 2922 nec
508 2836 608 2922 senso
642 2842 690 2922 de
722 2840 818 2924 hisce
851 2839 932 2922 ullo
960 2842 1137 2948 gaudent.
1215 2837 1321 2947 Caro
1352 2868 1470 2951 qute-

178 2992 330 3077 cunque
361 2966 450 3075 ipsrs
483 2970 525 3051 in
556 2968 833 3053 nutrimentum
867 2967 981 3051 cedit.
1064 2968 1320 3053 Excrementa
1355 2968 1467 3083 pelo·

181 3118 255 3178 rne
288 3092 410 3177 olent.
1284 3113 1288 3117 ·
1325 3112 1330 3119 ·
1389 3110 1398 3122 ‘

797 3222 854 3315 11.

278 3392 511 3485 unccn
568 3394 1001 3501 onvnnrnns,
1060 3378 1379 3514 mensu}

600 3530 798 3613 CAVDA
837 3532 1058 3626 EQVlNA.

339 3738 412 3823 Per
445 3741 634 3853 integnrm
667 3749 744 3833 iarn
765 3762 932 3832 ¹annum'
954 3746 1050 3831 hanc
1081 3770 1238 3833 vaccam
1271 3748 1340 3833 alit
1387 3748 1466 3832 Ex·
1482 3738 1653 3817 TngIl·
1720 3743 1726 3753 ’

187 3864 279 3949 cell.
331 3860 606 3976 Gubernator,
654 3878 701 3957 ad
751 3900 865 3987 quem
917 3872 1223 3959 eCrlmucrrcie
1256 3876 1471 3985 regionibns

180 3992 306 4075 allntr
341 3992 420 4081 fult.
503 3998 771 4111 Longitudinis
803 4003 854 4086 ell
890 4012 932 4100 αξ
962 4002 1042 4085 vln.
1079 4003 1182 4085 Rnls.
1216 4027 1270 4085 ex
1302 3993 1390 4112 qno'
1410 4030 1471 4085 re-
1583 4005 1588 4023 '

182 4119 319 4227 liquae
367 4124 621 4211 dimensrones
640 4165 671 4232 ,·
692 4156 850 4238 quorum
884 4130 1150 4238 proportiones
1183 4128 1388 4236 delineatur
1420 4132 1469 4213 sa·

190 4244 247 4327 tis
278 4249 414 4337 exodio
445 4257 623 4362 notauit,
653 4255 811 4369 intelligi
844 4255 1004 4368 poliunt.
1071 4250 1224 4368 Corpus
1255 4261 1468 4339 vncclnnm.

753 4464 758 4479 ,
898 4381 977 4467 Vu
1014 4408 1037 4463 2
1314 4380 1467 4469 Cornua
1643 4444 1647 4451 -
