4517 5875
195 493 202 508 ·
366 461 605 562 niutau
650 456 930 558 FRVCTV
972 416 1193 558 sicco.
1341 481 1439 570 μς.

160 673 304 788 luctu
327 723 416 784 cum
451 697 589 787 eodem
625 695 776 807 penitus
805 701 1049 784 conueniant.
1114 700 1322 788 Rationem
1364 723 1440 784 ve·

161 855 220 930 ro,
252 854 316 934 cut
348 827 572 938 separanerit
608 826 655 909 ab
703 821 918 934 Alkekeugi
951 825 1173 935 Linuaeus‚
1226 854 1311 914 eam
1359 825 1438 913 else
1512 894 1516 900 .

157 956 310 1061 solbit,
359 959 444 1070 quia
477 955 572 1050 solus
603 951 720 1059 calyx
753 952 854 1040 iuter
882 978 1022 1069 genera
1054 957 1231 1065 Atropae
1261 979 1301 1038 et
1328 956 1440 1064 ,Phy-

159 1083 277 1167 sulidis
318 1081 461 1168 limites
508 1102 630 1179 certos
670 1078 899 1180 constituat,
952 1083 1120 1194 hancque
1153 1082 1318 1191 speciem
1351 1085 1441 1168 illud
1513 1134 1520 1142 -

161 1229 270 1296 certo
300 1212 475 1297 euincere
509 1226 693 1295 autumat.
760 1201 1037 1300 Considerandu
1088 1210 1211 1319 itaque
1244 1211 1300 1293 eil
1346 1207 1440 1292 defi·
1500 1246 1503 1253 ·

159 1339 257 1422 uitio
283 1340 432 1446 genetis
463 1349 661 1444 Atropae,
701 1359 817 1444 quarn
850 1335 956 1420 dedit
987 1338 1028 1420 in
1058 1337 1225 1441 editione
1241 1329 1444 1422 Generum

160 1468 292 1578 quinta
318 1463 463 1553 Helm.
512 1485 640 1566 1754.
679 1469 720 1546 8.
753 1489 793 1546 u.
829 1485 932 1548 222.
960 1465 1065 1550 cuius
1095 1472 1267 1572 calycem
1302 1487 1447 1550 mono·
1586 1501 1590 1507 ’

159 1585 343 1706 phyllum
390 1593 763 1702 quinquepartitum,
795 1591 986 1698 gibbum,
1038 1594 1179 1710 laciniis
1208 1600 1327 1679 acutis
1357 1617 1468 1702 pet-.-

157 1717 366 1823 fillentetu,
394 1721 472 1806 effe
500 1715 691 1825 adfirmat,
724 1739 814 1802 eum
845 1729 952 1806 'antea
987 1720 1027 1802 iu
1061 1721 1230 1802 editione
1247 1713 1446 1805 Generum

33 1933 35 1938 .
162 1849 326 1932 secunda
376 1843 498 1952 Lugd.
533 1842 620 1929 Bat.
660 1865 791 1946 1742.
825 1869 891 1924 uit.
929 1871 1030 1952 197,
1062 1829 1447 1961 semiquuquifiuum‚‘

157 1975 340 2088 gibbuma
365 1972 505 2057 laciniis
520 1971 787 2074 nuato-acutis,
819 1971 1100 2079 perfidentem3
1128 1976 1240 2059 illum
1271 1978 1345 2058 else
1373 1979 1450 2058 do-

156 2118 305 2189 cuerat.
370 2097 439 2186 Ex
470 2097 565 2186 hisce
597 2099 696 2184 notis
725 2095 889 2204 calycis,
932 2093 1046 2210 prout
1075 2118 1189 2184 antea
1218 2123 1272 2184 ex
1303 2125 1353 2182 eo
1390 2122 1454 2184 te·

157 2229 247 2338 tuli,
275 2230 315 2312 in
347 2213 473 2337 planta
503 2225 735 2337 conspicuis,
768 2250 858 2333 prae
890 2227 1044 2336 reliquis
1074 2229 1156 2312 'aliie
1187 2231 1236 2315 ab
1271 2253 1323 2314 eo
1355 2252 1449 2336 pen·

157 2352 308 2461 tinus,
358 2351 572 2460 Alkekengi
625 2375 789 2434 numero
821 2353 983 2432 exemit.
1046 2348 1143 2439 Sunt
1174 2373 1302 2436 tamen
1337 2375 1453 2439 notae

156 2483 253 2568 istae
285 2481 427 2585 calycis
458 2479 635 2585 Atropae
674 2473 832 2563 Liuuaei
864 2499 945 2558 uon
979 2494 1059 2561 tatu
1089 2483 1367 2566 determinatae
1400 2483 1452 2564 ci-

154 2633 239 2720 que
269 2599 395 2690 solum
424 2601 635 2717 propriae,
676 2605 769 2712 quin
800 2626 880 2686 uon
906 2606 1136 2690 conueniant
1163 2611 1286 2694 etiam
1317 2608 1457 2714 Phyu·

156 2735 256 2822 lidis
288 2729 478 2844 speciebus
507 2727 715 2812 nonnullis.
779 2725 943 2817 Accedit
972 2753 1015 2816 et
1044 2731 1153 2842 hoc,
1183 2736 1288 2847 quod
1314 2735 1455 2824 delini·

157 2863 231 2947 tio
282 2857 426 2965 calycis
453 2852 692 2963 phylattin,
737 2879 854 2967 quam
895 2855 986 2943 loco
1016 2862 1137 2947 citato
1167 2862 1209 2947 iu
1241 2859 1456 2950 Generibut

156 3014 237 3076 no.
270 3010 374 3091 2²3·
405 2983 542 3087 dedit,
594 2978 673 3069 fere
713 3008 851 3069 uutues
901 2986 990 3071 istus
1037 2987 1274 3076 charaderee
1304 2993 1455 3098 hebeat,
1504 3060 1512 3075 .

152 3142 212 3205 atc
244 3113 327 3201 lunt
373 3116 415 3197 iu
462 3110 619 3218 nostra,
664 3136 779 3223 quatu
808 3113 1121 3225 cotnfideramua,
1170 3120 1314 3230 planta.
1377 3115 1460 3203 Sed

155 3240 414 3359 pergendum
443 3236 500 3323 est
529 3242 578 3323 ad
612 3237 719 3347 ulia,
761 3264 812 3325 ue
843 3240 880 3325 iu
915 3245 1026 3329 unica
1057 3265 1210 3331 tautum
1241 3266 1332 3331 nota
1361 3244 1457 3331 hae·

153 3392 356 3479 neamus,
394 3388 486 3451 cum
521 3364 626 3474 plura
658 3364 763 3475 ligna
796 3368 1035 3462 inueniautur
1064 3370 1205 3480 adhuc,
1236 3375 1456 3461 attentione

142 3496 301 3585 notua
337 3514 381 3579 et
427 3490 730 3599 consideratioue
777 3494 1000 3605 digniffima.
1095 3498 1188 3585 Flos
1235 3499 1459 3611 proceritati
1533 3569 1539 3582 .

151 3622 327 3740 plantae
371 3620 585 3707 conlormis
620 3640 663 3705 et
694 3617 818 3709 urna
850 3622 909 3707 sua
939 3621 1135 3735 spectabili
1167 3627 1355 3734 iucundus,
1389 3652 1455 3712 co·
1516 3685 1519 3692 ,

151 3752 272 3841 rolla
301 3746 628 3861 campaniforuti,
676 3748 806 3835 limbo
845 3774 994 3863 magno
1044 3758 1084 3841 in
1114 3756 1280 3865 quinque
1308 3754 1474 3843 laciniae

149 3874 376 3992 aequales,
423 3874 525 3963 haud
554 3872 783 3989 profundas,
814 3874 964 3987 diuiso,
997 3883 1292 3993 quodammodo
1338 3884 1461 3969 etiam

147 4006 316 4124 plicato
345 4026 387 4089 et
416 4003 614 4113 undulato,
640 3998 684 4091 et
714 4006 809 4091 tubo
842 4006 909 4095 suo
938 4008 1045 4107 breui
1078 4026 1118 4093 et
1157 4005 1297 4119 tedio,
1347 4031 1462 4097 notas

149 4136 279 4227 floris
310 4128 534 4249 Alkekeugi
554 4136 680 4250 plures
708 4133 835 4225 tesstt.
918 4133 965 4219 Iu
995 4131 1228 4254 Belladonua
1253 4138 1327 4226 flos
1359 4136 1459 4223 setu-

137 4286 251 4387 pet
300 4258 552 4377 ittegulaaitet
597 4260 850 4383 quinquifidua
897 4281 940 4347 et
990 4270 1084 4354 tubo
1120 4266 1227 4354 lluais
1274 4265 1462 4381 longiote,

849 4386 973 4497 saa
1370 4416 1466 4505 quo
