4517 5875
273 557 280 570 .
331 425 849 564 QVannmnnmt
880 425 1315 541 nuscanum.
1348 451 1354 457 ·
1385 427 1542 536 aa,

91 704 96 716 ·
196 667 358 780 angusti
390 683 468 752 noa
497 668 691 780 longiores
722 663 834 772 sunt,
886 687 957 748 nec
986 659 1064 750 aiio
1105 663 1238 750 coroa
1290 663 1483 776 praediti,

192 822 245 882 ac
277 795 545 881 canieuiantnn
579 796 790 901 latidum,
838 815 930 904 quas
961 790 1065 906 stupra
1097 793 1321 894 nominati,
1364 791 1484 876 adeo-

191 947 273 1035 que
300 947 355 1006 ex
385 947 436 1006 eo
467 945 648 1034 ternpore
679 931 770 1010 edm
801 920 931 1006 catulis
960 919 1027 1032 stria
1054 922 1207 1008 easdem
1242 922 1282 1004 in
1306 917 1484 1004 hiemem

56 1087 59 1164 ῃ
196 1075 314 1162 nsque
346 1055 576 1136 manationes
625 1053 811 1159 uideant,
860 1072 951 1158 quas
999 1050 1118 1158 paulo
1167 1070 1257 1132 ante
1302 1046 1519 1130 recensui·

55 1189 57 1254 ρ
198 1177 268 1262 Pili
306 1177 450 1264 Isatidis
494 1177 715 1264 canicularis
763 1177 942 1262 omnium
996 1172 1199 1258 firmiffimi
1247 1173 1362 1278 sunt,
1412 1197 1485 1258 nec

54 1286 56 1368 i
196 1329 279 1388 non
309 1307 376 1392 nifi
406 1297 542 1416 magna
574 1310 615 1390 ui
632 1335 669 1397 ‚a
703 1305 801 1417 pelle
834 1301 1057 1409 audiuntur,
1125 1303 1221 1418 Quo
1254 1323 1352 1383 vero
1380 1298 1488 1383 Isatia

52 1479 54 1536 ;
195 1431 356 1515 adultior
385 1437 536 1539 eradit,
576 1457 634 1518 eo
665 1435 733 1546 pili
758 1431 918 1517 moidus
948 1430 1141 1537 inficient,
1190 1431 1307 1512 etiam
1340 1424 1481 1512 lsatidi-
1637 1498 1642 1508 .

195 1557 292 1665 bus,
340 1583 436 1670 quae
482 1560 647 1646 hibernia
672 1583 786 1672 quam
820 1557 947 1644 vernia
979 1557 1166 1646 menfibtu
1193 1559 1353 1675 propius
1379 1555 1484 1640 occi-

193 1683 255 1768 fic
287 1691 397 1796 imt,
429 1689 499 1802 pili
525 1688 663 1776 fortius
693 1690 860 1800 haetgnt.
1056 1729 1059 1738 =

312 1945 361 2030 In
410 1945 559 2034 vidium
609 1947 738 2036 ‘Isatlidi
789 1949 993 2062 praecipue
1043 1947 1144 2036 cedit
1181 1972 1272 2036 mus
1322 1945 1477 2062 <puidam

193 2073 417 2184 campestris
447 2071 714 2187 Brachyums,
762 2103 877 2188 quern
926 2097 1119 2187 perpetuo
1170 2075 1340 2163 testatur.
1402 2072 1480 2160 Sed

192 2202 332 2286 aestate
358 2229 434 2286 nae
466 2204 637 2290 anserum
668 2223 899 2310 anatumue,
930 2228 1087 2313 quarum
1118 2206 1254 2310 quouis
1287 2227 1378 2287 vere
1410 2225 1482 2313 pec

191 2351 337 2438 magna
370 2333 427 2415 uia
455 2332 497 2412 in
532 2329 679 2437 frigidas
710 2334 878 2436 regiones
913 2329 1047 2436 speciei
1076 2329 1343 2438 propagandae
1375 2329 1484 2414 causa

185 2457 351 2562 auolat,
401 2463 600 2562 capturam
652 2455 821 2564 negligit.
907 2450 1201 2540 Callidissintum
1250 2458 1386 2566 enim,
1421 2455 1481 2540 uti

190 2605 334 2668 onmes
384 2600 585 2666 uenatorea
633 2605 716 2666 vno
766 2605 836 2664 ore
886 2576 1098 2682 affirmant,
1132 2581 1272 2666 animal
1303 2581 1393 2689 est,
1440 2601 1479 2666 et
1550 2631 1555 2638 ·
1709 2582 1713 2589 ’

187 2708 299 2817 vulpi
350 2697 585 2818 nequaquam
633 2705 763 2792 astutia
802 2707 1018 2794 sectandum.
1087 2707 1273 2818 Isatidea,
1313 2707 1477 2796 referunt

186 2854 417 2942 venatores,
454 2859 546 2920 cum
590 2835 722 2918 catulis
752 2831 821 2918 suis
851 2833 1098 2945 cuniculariis,
1135 2838 1257 2920 lacum
1287 2838 1473 2950 quendam

185 2962 230 3050 in
261 2963 389 3047 vicina
420 2962 532 3049 fitam
567 2979 732 3073 petere,
784 2964 824 3047 in
864 2963 968 3048 cuins
998 2960 1120 3049 infidis
1152 2990 1291 3077 magna
1323 2986 1474 3051 anatim

185 3094 409 3177 anseromiae
458 3090 517 3176 uis
564 3090 775 3200 habeaturg
839 3116 888 3175 eo
927 3111 1053 3176 autem
1105 3112 1286 3201 tempore
1332 3095 1478 3180 multoe

184 3220 378 3304 eiusmodi
407 3216 509 3302 lacus
536 3216 806 3329 haberi,.quia
837 3220 976 3305 anseres
1007 3242 1049 3303 et
1081 3242 1240 3329 anates,
1291 3237 1477 3333 quotmot

183 3348 303 3449 stunt,
348 3346 437 3429 licet
486 3363 524 3429 et
573 3348 613 3429 in'
647 3346 819 3431 turuceis
864 3348 975 3431 terrIs
1005 3345 1221 3433 nidificatae
1252 3347 1342 3449 sunt,
1382 3371 1473 3433 cum

190 3475 308 3585 prole
359 3473 506 3557 exclusa
552 3473 649 3559 lacus
697 3494 858 3585 petant,
900 3474 1181 3582 ninimirum,
1208 3494 1250 3557 et
1279 3474 1392 3585 ipsae,
1432 3491 1475 3558 ec
1564 3492 1570 3503 ·

187 3603 333 3713 proles,
365 3626 503 3712 parum
536 3601 623 3687 tunc
657 3604 841 3712 temporis
872 3603 1080 3712 planatae,
1109 3621 1154 3686 et
1185 3603 1232 3687 ad
1263 3602 1471 3687 volandum

184 3731 314 3814 mimis
369 3750 514 3839 aptae,
563 3729 691 3818 hostes
734 3728 878 3815 facilins
926 3731 1066 3814 euitare
1108 3750 1281 3841 queant3
1331 3728 1474 3814 datulm

185 3856 307 3967 igitur
332 3843 508 3962 daridis,
558 3858 686 3942 laeum
711 3858 898 3943 eiusmodi
931 3859 1190 3967 attingentes,
1229 3859 1474 3943 circumcirca

182 3986 232 4070 ad
263 3986 369 4069 littus
400 3986 499 4067 inter
547 3988 717 4094 gramina
766 3982 836 4069 sese
867 3981 1123 4094 abscondere,
1171 4003 1336 4070 matrem
1371 4007 1469 4071 ueto
1589 4036 1620 4057 ω

183 4112 473 4225 circumspicere
494 4112 591 4195 de.
618 4114 836 4197 commodo
884 4114 1092 4222 captandae
1142 4114 1304 4224 praedae
1352 4114 1469 4219 loco;

184 4258 228 4321 et
271 4238 483 4351 cubitalem
514 4241 732 4349 inuenerit,
779 4243 819 4325 iu
853 4238 978 4327 lacum
1017 4239 1052 4322 se
1086 4242 1272 4352 proiicere
1308 4259 1349 4323 et
1379 4264 1468 4325 ver-

251 4358 687 4453 ·‘i‘omV.'Nou.Com.
1000 4368 1117 4456 ..Aac
1406 4366 1463 4452 sut
