4517 5875
329 495 861 630 putonrsarcorsrr
900 441 1341 596 DESCRIPTw.
1393 525 1479 610 371

35 741 37 758 ’
198 693 291 818 eam
338 731 526 818 deserete-
556 731 716 844 cogitur.
776 729 887 817 Ordo
927 731 998 818 bac
1031 733 1071 817 in
1105 731 1337 840 migratione
1367 733 1488 818 nullus
1561 721 1574 732 ”

35 883 37 892 ’
197 860 332 947 adimo
355 863 577 948 obscuratus
600 859 680 945 itit
744 859 920 968 Accidit,
959 879 1005 946 ut
1035 879 1223 946 transeant
1253 882 1401 946 tantum
1433 887 1486 946 rc·

196 991 359 1098 gionem
376 993 602 1102 quandam,
634 989 786 1082 accidit,
817 1009 862 1074 ut
890 989 1093 1076 dimidiam
1126 989 1332 1095 hiemem,
1371 1011 1417 1073 vt
1445 1005 1488 1073 et

35 1137 37 1148 ⁴
189 1116 405 1226 integram,
455 1117 589 1202 inilia
637 1119 797 1218 uiuant,
847 1119 1016 1224 accidit,
1065 1137 1111 1200 ut
1155 1115 1307 1224 prolem
1333 1125 1487 1202 'tantum

188 1279 197 1293 ·
204 1243 362 1353 gignant
392 1263 432 1328 et
445 1265 450 1319 r
463 1245 567 1329 breui
599 1246 684 1354 poii
714 1243 926 1348 discedant,
959 1241 1153 1328 interdum
1188 1244 1307 1326 etiam
1340 1247 1488 1348 accidit,

201 1390 247 1454 ut
293 1395 365 1484 per
396 1372 587 1482 integram
619 1369 763 1458 anirrun
799 1374 842 1456 in
874 1375 1034 1456 eodem
1050 1372 1143 1461 ioco
1173 1389 1402 1478 moreomr,
1449 1391 1490 1455 ct

41 1495 51 1514 ‘
188 1498 320 1584 altero
367 1499 495 1586 adbuc
526 1525 633 1585 anno
677 1503 828 1614 proiem
876 1501 1018 1614 ibidem
1066 1501 1235 1614 gignant.
1298 1500 1491 1610 Tempus,

193 1649 280 1735 qno
309 1631 485 1714 maxime
515 1629 679 1742 migrate
709 1646 881 1733 amant,
905 1628 996 1713 illud
1020 1631 1110 1734 rest,
1155 1629 1311 1738 quando
1324 1630 1399 1710 iol?
1424 1630 1489 1712 iub

179 1751 410 1858 borinorue
443 1757 625 1858 occultari
657 1759 820 1870 incipit,
851 1754 1277 1866 sub-initiumnempe
1316 1752 1487 1840 Decem·

202 1881 292 1966 bris.
341 1885 484 1999 ,Qram
512 1889 711 1994 regionem
741 1881 1012 1993 deseruerunt,
1044 1908 1144 1978 ,eam
1178 1884 1261 1992 pou
1292 1903 1369 1968 tres
1399 1909 1490 1993 qua·
1559 1894 1563 1911 ¹
1625 1961 1628 1966 .

181 2027 336 2097 ..tuorue
365 2035 497 2096 anuosv
514 2031 722 2121 repetunt..
779 2011 875 2098 Non
904 2009 981 2096 boc
1013 2017 1064 2102 ira
1093 2008 1400 2118 intelligendum.
1423 2010 1489 2116 cst,

104 2139 107 2144 '
199 2161 249 2222 ac
283 2138 312 2225 fi
341 2140 532 2226 interdum
563 2143 673 2251 tegio
700 2165 779 2225 cna
806 2156 849 2222 et
878 2137 1024 2246 altera,
1072 2159 1163 2248 quaa
1191 2135 1356 2247 superius
1379 2158 1489 2240 nata·

200 2265 258 2350 ies
305 2265 464 2352 isatidis.
493 2269 743 2380 pronunciaui
779 2324 792 2370 ,
844 2263 976 2350 Isatide
1027 2266 1195 2348 omnino
1247 2290 1365 2351 uacua
1413 2265 1485 2350 iit:
1647 2311 1656 2322 ,
1721 2231 1724 2238 ⁸

179 2389 349 2504 iempm
375 2398 485 2480 enim
518 2397 701 2503 quaedam
732 2387 947 2500 supenunt,
982 2395 1184 2490 omnino,
1218 2389 1288 2473 'uti
1310 2390 1365 2475 ‘dc
1405 2391 1488 2476 uui·
1616 2409 1620 2415 ’

171 2523 312 2633 -pibus
359 2525 601 2636 obietuatut,
648 2542 805 2630 quarum
838 2541 977 2626 magoa-
998 2541 1091 2628 pars
1107 2585 1110 2594 .
1122 2539 1310 2628 perpetuo
1342 2539 1489 2604 turma-

201 2649 276 2731 tim
311 2647 482 2756 migrat,
531 2647 812 2728 remanentibus
856 2662 987 2728 tameo
1018 2645 1164 2755 semper
1194 2647 1232 2729 in
1263 2650 1488 2758 quauiste-

200 2775 318 2882 gione
350 2771 566 2882 quibusdam
598 2771 805 2858 indiuiduis
888 2767 928 2858 Si
959 2773 1124 2880 quodam
1157 2773 1197 2854 in
1227 2775 1316 2858 ioco
1347 2801 1488 2886 magna

197 2899 345 2986 lsttidis
376 2899 431 2983 uis
463 2895 644 3004 aduenit,
682 2899 938 3008 latratumque
969 2900 1079 3003 edit,
1129 2925 1206 3011 pro
1233 2901 1339 3011 iigno
1371 2905 1488 2988 habe-

200 3047 292 3131 tur,
342 3050 432 3110 eam
490 3049 560 3135 per
591 3025 741 3137 aliquod
773 3044 928 3135 tempus
954 3026 1008 3108 ibi
1038 3047 1366 3114 commomturam
1400 3034 1484 3118 eise.
1585 3075 1588 3080 <
1670 3048 1676 3060 ·

202 3154 249 3243 Si
275 3154 385 3239 ¹uixit
415 3152 643 3264 aliquandiu,
662 3154 703 3239 io
735 3156 903 3265 quodam
936 3156 1059 3259 loco,
1101 3158 1252 3264 editque
1282 3160 1486 3272 eiulatum,

201 3284 311 3369 breui
359 3280 444 3392 post
493 3304 585 3364 eum
634 3278 762 3367 locum
813 3280 960 3365 deserit.
1035 3284 1131 3397 Quo
1163 3283 1266 3367 listis
1297 3289 1487 3376 discedens
1616 3336 1620 3341 =
1727 3322 1731 3327 ·

199 3410 344 3502 abeat,
374 3410 616 3493 venatoribus
646 3410 824 3518 ignotum
856 3406 922 3491 est.
1000 3408 1222 3523 Ienrseenses
1254 3411 1487 3528 suspicantur,

200 3540 410 3647 eregione
443 3538 608 3620 leniseae
639 3536 744 3621 fluuii
775 3535 1038 3621 abscedentem
1072 3536 1151 3623 Obi
1200 3538 1307 3621 fluuit
1356 3546 1485 3653 regio·

200 3690 295 3753 nem
328 3682 488 3775 petere,
522 3666 789 3747 aduenientem
841 3687 939 3747 uero
987 3664 1126 3747 exinde
1164 3668 1326 3749 uenire:
1378 3671 1486 3756 Iura-

207 3818 272 3877 ces
303 3796 427 3899 enim,
457 3792 520 3903 qui
552 3789 841 3879 Samoiedarum
873 3814 988 3900 genus
1019 3794 1114 3897 suut,
1136 3794 1177 3878 in
1207 3797 1363 3902 regione
1397 3800 1484 3884 ostii
1570 3809 1573 3816 ’

202 3920 286 4007 Obi
318 3920 422 4005 fluuii
453 3924 594 4005 motari
628 3922 740 4029 soliti,
775 3920 953 4003 littidum
986 3920 1255 4028 capiendarum
1288 3920 1407 4007 cauffo
1439 3927 1485 4011 iis
1567 3995 1572 4003 .

203 4044 424 4160 praesertim
471 4050 576 4133 annis
605 4051 652 4133 ad
682 4050 720 4131 se
756 4050 922 4148 uenire,
970 4048 1103 4157 quibus
1134 4072 1271 4157 magna
1303 4054 1404 4161 apud
1444 4053 1482 4136 se

202 4175 385 4262 littidum
435 4177 547 4286 copia
598 4176 805 4283 habeatur,
859 4174 964 4284 quod
1004 4198 1083 4257 non
1114 4178 1308 4283 iacerent,
1357 4179 1482 4265 fiucl

205 4304 371 4393 minima
402 4326 578 4419 capturae
611 4306 694 4419 spes
741 4303 843 4417 apud
874 4302 957 4386 ilios
973 4298 1099 4389 ioret.

382 4424 385 4433 ’
862 4434 963 4517 Aaa
995 4454 1025 4514 a
1146 4548 1151 4557 Ι
1326 4428 1483 4520 Isatider
1589 4523 1592 4535 ,
