4517 5875
740 483 936 611 lanii

341 738 389 832 In
410 744 585 833 sermone
604 746 710 858 supra
728 746 924 851 indicato,
944 741 1185 830 mentionem
1203 746 1312 833 huius
1330 747 1497 838 Metho-

193 871 232 961 di
264 880 393 987 paucis
423 880 606 961 iniecemt
654 872 800 959 Clariss.
836 874 1023 977 Aud‘tor,
1073 875 1111 956 in
1146 880 1325 999 praesenti
1363 890 1496 964 autem

193 1004 484 1107 dissertatione,
520 1008 602 1089 id
591 1030 668 1087 ram
702 1005 809 1108 agit,
841 1022 887 1083 ut
919 1002 1074 1105 calculi,
1108 1005 1499 1115 cuiushicopusell,

192 1132 403 1215 instituendi
432 1131 596 1215 modum
630 1130 714 1211 data
740 1152 857 1237 opera
886 1147 1092 1237 exponat,
1118 1132 1383 1246 reliquasque,
1403 1159 1501 1245 quae

192 1258 446 1345 obscurandae
478 1260 558 1343 sum
591 1274 730 1339 nautae
754 1259 871 1365 ,qui
902 1254 1142 1342 Methodum
1179 1259 1330 1346 nanc
1314 1286 1357 1345 tn
1389 1266 1497 1353 ulum

192 1410 333 1475 uocare
366 1388 500 1501 cupit,
527 1386 724 1494 cautelas,
752 1384 938 1498 explicet.
1085 1496 1087 1501 Ι

340 1646 607 1739 Recensentur
643 1646 817 1759 primum
865 1643 1053 1733 Methodi
1100 1644 1215 1733 huius
1263 1636 1501 1758 commoda,

186 1797 294 1887 qnae
345 1778 419 1861 huc
469 1776 546 1859 sere
612 1776 837 1859 reducuntur
884 1836 898 1883 ,
959 1772 1065 1886 q'uod
1126 1770 1233 1859 nihil
1282 1771 1500 1865 timendum

188 1905 284 2013 sat,
328 1926 450 2013 neque
496 1921 524 1985 a
566 1900 840 2007 mfiadlionum
889 1902 1104 1989 diuersitate
1144 1930 1189 1989 ac
1230 1900 1502 2034 inconstantia,

191 2056 324 2145 neque
353 2033 401 2115 ab
434 2030 662 2116 Horizontis
692 2028 868 2115 sensrbilis
898 2024 1171 2139 inclinatione,
1203 2022 1500 2161 nequetattdem

192 2165 245 2250 ab
276 2160 487 2266 erroribus,
517 2160 557 2243 in
590 2158 798 2244 differentia
830 2159 1102 2269 altitudinum,
1133 2178 1199 2247 ant
1225 2150 1506 2271 obsematotis,

196 2310 264 2378 aut
293 2288 532 2374 instrumenti
574 2288 705 2397 uitio,
752 2288 975 2375 commissu.
1039 2286 1200 2377 Deinde
1245 2288 1331 2405 ipsa
1368 2286 1504 2378 calculi

194 2419 412 2504 instituendi
453 2419 549 2503 ratio
595 2352 800 2504 luculenter
842 2420 1085 2531 exponitur,
1130 2426 1272 2529 cuius,
1321 2422 1386 2532 qni
1433 2419 1505 2505 uli

193 2550 368 2635 formare
397 2546 590 2632 voluerint
620 2547 791 2654 ideam,
822 2547 871 2631 ad
912 2549 1114 2659 legendam
1166 2550 1285 2662 ipsam
1333 2550 1551 2679 differta·

188 2677 347 2761 tionem
388 2674 582 2783 ablegandi
613 2674 708 2759 sunt.
744 2659 887 2759 Pendet
918 2696 1046 2761 autem
1079 2678 1147 2761 hie
1176 2677 1339 2762 calculus
1355 2694 1508 2785 ,atque

191 2806 396 2915 cognitam
442 2802 619 2909 supponit
651 2801 733 2884 Poli
761 2802 1047 2907 eleuationem,
1087 2801 1217 2910 unde,
1255 2828 1349 2887 cum
1376 2798 1510 2888 minut

192 2934 325 3020 secura
356 2926 429 3014 else
463 2926 576 3074 possit
609 2926 716 3013 huius
747 2928 1040 3037 detenniuatio,
1073 2931 1238 3018 timendi
1288 2932 1391 3018 locus
1436 2930 1510 3015 esst

194 3060 360 3174 potest,
395 3081 450 3142 ne
476 3058 515 3140 in
537 3055 628 3142 hoe
657 3053 789 3140 calculi
838 3055 1037 3141 elemento
1083 3057 1277 3144 commissi
1326 3083 1512 3167 errores,

195 3211 368 3301 magnos
399 3187 442 3269 in
474 3184 663 3294 temporie
694 3207 846 3294 quoqne
874 3183 1192 3273 determinatione
1224 3187 1314 3271 inde
1344 3185 1510 3273 denuda

196 3334 409 3432 procreent
440 3335 597 3396 errores.
660 3311 793 3396 Tollit
839 3330 968 3399 autem
1017 3313 1096 3398 hoc
1146 3313 1303 3399 dubium
1356 3316 1512 3428 penitae

194 3443 307 3533 Clar.
341 3442 496 3528 Audon
511 3503 524 3547 ,
541 3436 668 3525 uersus
683 3438 944 3526 dissertationis
959 3439 1076 3526 finem
1099 3443 1194 3549 ,ubi
1209 3443 1514 3554 commonstrat,

196 3598 353 3662 errores
385 3571 426 3654 in
460 3567 541 3652 Poli
576 3567 772 3654 altitudine
805 3587 958 3676 tantos,
981 3572 1046 3680 qui
1062 3571 1199 3657 euitari
1218 3569 1326 3659 delle
1345 3573 1515 3683 possunt,
1577 3673 1583 3678 ,

196 3708 277 3790 uix
310 3698 518 3785 sensibilem
552 3699 591 3780 in
623 3713 803 3808 tempore
833 3697 919 3783 inde
951 3697 1118 3784 deduslo
1157 3721 1362 3811 procreare
1410 3725 1514 3784 erro-

198 3859 325 3940 rem,
360 3827 486 3912 modo
514 3827 588 3911 rite
620 3823 805 3940 eligantur
843 3821 1026 3927 Stellae,
1068 3827 1110 3912 in
1140 3828 1273 3938 quibus
1301 3827 1514 3915 eneruatio

201 3963 439 4048 instituatur..
492 3953 559 4040 Ne
592 3953 719 4062 itaque
760 3955 849 4064 quid
899 3955 1099 4056 habeant,
1152 3956 1254 4065 quod
1303 3955 1515 4044 defiderent

203 4113 377 4192 nautae,
410 4081 594 4198 peculiari
628 4083 921 4193 disquisitione,
950 4082 1125 4193 regulas,
1156 4109 1246 4195 quas
1269 4083 1368 4193 sequi
1394 4109 1517 4200 opor·

208 4235 298 4329 tet,
327 4221 366 4301 in
400 4212 584 4324 eligendis
612 4207 765 4318 Stellis,
797 4228 843 4292 vt
875 4213 1063 4321 temporis
1092 4211 1409 4319 determinatio,
1462 4237 1517 4300 ex

205 4345 420 4432 differentia
453 4341 699 4426 altitudinum
734 4338 929 4440 eruenda,
958 4341 1171 4428 abeunte
1208 4342 1249 4427 in
1297 4274 1519 4432 eleun’tione

33 4459 34 4512 ³
178 4477 291 4580 ,Poli
320 4473 484 4562 admisso
516 4470 558 4560 fit
589 4467 799 4581 tutissima,
831 4468 1049 4556 constituit..

818 4597 953 4688 da
1371 4584 1512 4687 ..11
