4517 5875
383 433 848 560 pranttrr’nntsrr
880 436 1230 530 ornamento.
1382 414 1471 547 aa,

195 682 266 776 nea
312 657 459 748 Chetae
507 659 612 746 fluuii
662 678 703 746 et
753 661 1081 752 Wolotschanltae
1109 667 1266 772 amnis,
1310 693 1475 778 quorum

194 813 356 898 vterque
391 812 445 872 ex
494 788 723 893 occidente,
770 787 836 872 ille
883 793 1037 900 quidem
1088 785 1362 901 Chatangam,
1412 795 1478 878 hic

195 912 361 998 Chetam
406 913 514 998 subit·
594 916 725 1000 Etiam
777 914 951 1026 Dndipta
998 916 1193 1002 Piallidam
1225 921 1366 1002 lobiens
1396 945 1478 1001 nnn

193 1045 376 1148 exiguam
427 1039 569 1126 famam
622 1039 768 1149 habet,
823 1059 867 1124 et
914 1044 1027 1128 molti
1060 1045 1156 1146 alii,
1201 1067 1298 1152 quos
1328 1044 1479 1129 silentio

50 1195 52 1246 t
193 1185 394 1278 praetereo
423 1230 452 1273 ,.
489 1189 539 1248 ne
594 1168 824 1274 prolixitatis
883 1166 1026 1250 nimiae
1075 1169 1223 1250 crimen
1272 1172 1474 1254 intortam.

49 1277 52 1352 f
194 1291 327 1379 Modo
356 1292 430 1378 fint
464 1294 548 1376 loca
575 1291 690 1396 syluts
719 1295 856 1398 ouda,
904 1313 956 1413 ‘i
975 1290 1112 1376 cliuoso
1144 1313 1186 1376 et
1215 1292 1300 1377 satis
1329 1294 1479 1404 frigida,

195 1423 256 1504 vti
287 1425 383 1502 lunt
397 1421 531 1502 omnia
561 1418 651 1518 illa,
700 1443 797 1528 quae
827 1444 866 1502 re
939 1416 1018 1524 soi,
1069 1437 1221 1528 rtpore
1263 1422 1390 1530 quoad
1430 1422 1481 1506 fi-

193 1564 280 1632 tttrn
308 1567 391 1628 nort
422 1545 517 1630 insta
542 1547 780 1628 altitudinem
813 1552 841 1624 6
911 1544 1143 1651 constituta,
1171 1571 1219 1629 ea
1250 1545 1357 1632 Isaris
1372 1546 1479 1635 haud

191 1675 450 1775 auerlabitttr,
505 1675 567 1755 ctti
612 1673 996 1790 qttidettp‘apprime
1043 1671 1339 1757 consentaneum
1389 1673 1478 1782 eil,

190 1805 297 1909 quod
315 1795 531 1882 Sthefferus
560 1799 602 1879 in
634 1795 830 1906 Lapponia
863 1797 1038 1882 illustrata
1069 1796 1191 1902 dicit,
1223 1797 1302 1884 hoc
1333 1797 1479 1882 animal

189 1949 274 2009 nott
306 1931 346 2008 in
376 1921 517 2030 syluis,
566 1947 701 2005 verum
736 1924 844 2004 nudis
876 1923 1073 2008 montibus
1105 1921 1273 2022 versarI,
1322 1923 1482 2009 Nortia·

96 2075 101 2082 ’
188 2053 299 2161 giam
333 2048 584 2158 Succirmqne
617 2046 859 2156 interpofitis.
938 2047 1097 2155 Loquor
1125 2051 1175 2129 de
1210 2046 1301 2130 loco
1333 2047 1479 2132 ltatidir

188 2177 345 2278 naroli,
376 2178 537 2260 nonde
563 2176 728 2284 quouis,
773 2198 890 2284 qtrem
938 2171 1046 2258 Isaris
1074 2171 1214 2256 munt.
1283 2166 1488 2284 Comperi·
1594 2170 1602 2181 '

185 2311 319 2406 enim,¹
346 2307 396 2386 ad
430 2300 576 2384 Lenarrt
609 2301 765 2382 fluuium
799 2300 990 2380 interdum
1021 2299 1072 2378 ad
1099 2296 1342 2380 hibernacula
1360 2301 1479 2408 rique

184 2424 416 2516 Sidaceosta
447 2445 494 2520 et,
518 2421 808 2529 bchiganensra,
855 2423 905 2504 ad
955 2423 1146 2504 leniseam
1196 2423 1236 2503 in
1268 2424 1473 2531 regionem

186 2553 307 2661 'alque
356 2544 589 2642 lnrurhanii
640 2545 739 2628 trrbis
781 2543 1378 2657 aroennere.·j1m01ttrengae
1427 2549 1478 2635 ad
1519 2622 1521 2625 ,

182 2675 344 2762 Lenom
374 2675 551 2786 percepi,
584 2691 675 2753 ante
703 2671 801 2754 orto
830 2672 907 2756 hos
929 2697 1052 2754 annos
1079 2673 1173 2756 duas
1216 2670 1375 2759 inrides
1418 2697 1479 2762 ex

36 2853 43 2866 -
182 2803 346 2889 aduerso
408 2803 508 2882 arcis
550 2798 687 2880 occisos
737 2795 858 2882 fuine·
944 2793 1172 2880 renidentes
1221 2803 1266 2884 in
1314 2804 1478 2911 regione

184 2929 289 3029 vici,
320 2930 383 3035 qui
415 2950 437 3007 a
470 2921 684 3009 Dubtsther
715 2922 830 3005 fluuio
862 2931 1008 3009 nom'en
1041 2922 1295 3031 moimarii,
1325 2929 1412 3011 imo
1435 2931 1477 3011 in

184 3057 350 3164 regione
383 3052 492 3161 ipfius
524 3048 686 3132 lentseae
716 3051 828 3155 vrbis,
861 3051 1012 3135 Isatidar
1043 3050 1245 3159 aliquando
1259 3050 1355 3137 risos
1372 3052 1477 3138 suilla

183 3180 381 3265 testantur.
444 3178 591 3260 Verum
631 3176 775 3259 nullum
805 3175 962 3261 habetur
990 3172 1256 3283 exemplum,
1299 3181 1400 3288 quod
1431 3182 1476 3263 in

180 3308 272 3391 'allo
317 3306 458 3393 horum
509 3306 685 3387 locorum
719 3300 825 3385 isatis
856 3327 1025 3411 rnqnarrt
1055 3302 1278 3386 cuniculum
1315 3304 1383 3389 libi
1411 3302 1475 3389 fo-

176 3433 289 3517 derit
318 3452 357 3513 et
384 3430 537 3541 prolem
567 3432 826 3537 generrnerir,
855 3428 1023 3533 adeoque
1049 3446 1234 3534 tanquam
1268 3428 1466 3536 trondem,

177 3560 235 3641 et'
259 3556 360 3664 quast
382 3560 573 3656 'aberrans
608 3556 648 3635 in
676 3553 867 3636 eiusmodi
900 3553 995 3635 lotia
1027 3552 1210 3635 censenda
1241 3552 1325 3661 eil,
1373 3578 1472 3663 quae

177 3684 406 3767 coniediura
438 3685 556 3765 etiam
597 3681 738 3763 exinde
785 3679 1015 3783 roborator,
1064 3680 1166 3785 quod
1216 3677 1474 3769 aberrationea
1599 3750 1602 3753 ,

180 3809 375 3891 eiusmodi
412 3832 601 3917 nunqnam
635 3805 891 3911 contingant,
920 3804 984 3886 nist
1015 3802 1061 3883 iis
1092 3804 1228 3907 annis,
1266 3803 1306 3887 in
1339 3805 1473 3923 quibua

176 3956 324 4042 magna
357 3933 543 4019 isatidum
565 3934 680 4048 copia
707 3933 748 4017 io
777 3929 1013 4017 inferioribus
1049 3925 1270 4029 fluuiorum
1302 3928 1474 4041 regioni·

173 4058 257 4147 bus
287 4060 515 4149 obseruatur.

894 4296 1039 4439 ΖΜ
1329 4304 1474 4435 dfati-
1520 4440 1527 4447 ἱ
