4517 5875
592 458 734 591 aetra
765 455 799 583 i(
833 489 860 552 0
893 459 928 586 i(
959 449 1097 584 ‘iiiiii
1403 487 1497 569 ³19

209 690 539 792 thuaneum
595 695 835 785 cannen¹
892 689 1198 784 motuum:
1266 673 1540 800 invase,¹

624 843 851 936 FRVCTV
904 840 1079 932 SICCO.

744 1090 968 1176 Auctore
1077 1119 1097 1142 *
1215 1093 1225 1109 ’

373 1276 447 1368 ro.
493 1217 855 1373 cnararrauo
903 1273 1322 1368 nanansmmn

378 1589 465 1646 uam
497 1565 550 1649 rei
581 1562 776 1650 herbariae
806 1566 1015 1662 cultoribus
1044 1561 1216 1646 exhibeo
1250 1563 1401 1672 plantae
1428 1588 1492 1650 ra·
1567 1637 1571 1645 ,

405 1693 514 1776 rioris
544 1692 866 1794 delineationem,
897 1696 1148 1802 omniumque
1177 1693 1368 1800 partium,
1406 1694 1492 1801 qui-

408 1823 474 1900 bua
506 1843 732 1928 exornatur,
762 1823 1086 1930 descriptionem,
1139 1821 1235 1901 inter
1283 1823 1493 1930 incognitas

166 1941 313 2054 'piane
342 1944 577 2032 referendam
612 1953 689 2029 no'n
722 1943 824 2050 effe,
862 1949 927 2032 sub
976 1950 1130 2032 initium
1180 1945 1291 2028 huius
1339 1947 1490 2055 expost-

201 2073 316 2155 tionis
348 2065 510 2158 moneo.
577 2075 765 2160 Attamen
800 2103 890 2158 cum
922 2105 944 2160 a
977 2077 1152 2176 nemine,
1185 2095 1368 2182 quantum
1404 2073 1493 2182 qui·
1622 2129 1629 2145 a

201 2200 293 2282 dent
327 2200 426 2284 mihi
460 2205 622 2309 constat,
654 2203 819 2313 perfedta
850 2222 888 2286 et
935 2203 1115 2286 omnibus
1166 2201 1336 2282 numeria
1384 2200 1488 2282 abso·

200 2325 307 2434 luta,
357 2331 534 2438 prestet,
588 2330 653 2413 uel
685 2334 772 2412 data
807 2333 849 2412 fit
880 2332 989 2412 huius
1021 2333 1137 2410 icon:
1160 2327 1269 2407 'non
1318 2329 1489 2410 dubitaui

197 2478 328 2538 curare
361 2454 522 2558 sedule,
573 2479 651 2562 quo
683 2457 819 2564 vigens
852 2473 892 2537 et
925 2454 1063 2538 florens
1095 2454 1248 2563 planta,
1285 2452 1487 2547 secundum

199 2606 337 2663 omnes
370 2583 446 2664 suas
489 2601 641 2690 partes,
692 2581 850 2665 naturali
916 2585 954 2664 in
1002 2581 1264 2690 magnitudine
1316 2580 1486 2692 iustoque

187 2731 364 2817 ‘numero
420 2708 713 2816 depingeretur,
779 2734 872 2818 quas
927 2735 1029 2792 nuuc
1090 2709 1196 2792 breui
1243 2729 1487 2794 commenta-

198 2834 364 2918 tiuncula
398 2858 592 2945 exponere
626 2854 664 2918 et
714 2835 892 2920 illustrare
943 2837 1133 2920 constitui.
1482 2821 1488 2830 ⁴

346 3082 413 3167 De
439 3083 594 3170 historia
630 3086 734 3185 eius,
771 3112 886 3193 pauca
923 3084 1018 3169 haec
1053 3087 1208 3195 addere,
1239 3085 1483 3169 neceii'arium

196 3208 296 3295 mihi
316 3212 481 3295 uidetur.
544 3211 755 3301 Ludouicua
772 3214 802 3296 F
805 3214 960 3320 euiliee,
978 3212 1169 3323 Sacerdos,
1188 3214 1484 3297 Mathematicus

195 3358 238 3420 et
270 3336 474 3422 Botanicus
501 3342 620 3453 Regis
651 3334 888 3449 Galliarum,
923 3344 1043 3426 Acad.
1077 3345 1177 3452 neg.
1196 3340 1339 3426 Scient.
1362 3342 1479 3423 Paria.

195 3464 535 3575 Correspondens,
571 3468 609 3551 in
640 3469 777 3551 itinere
816 3470 910 3575 suo,
962 3472 1010 3553 ab
1060 3495 1163 3563 anno
1208 3470 1319 3553 huius
1350 3466 1481 3550 saeculi

192 3595 365 3702 septimo
398 3598 444 3679 ad
477 3596 746 3680 duodecimum
781 3621 831 3677 ex
864 3597 1047 3679 mandato
1077 3597 1197 3706 Regis
1233 3599 1274 3679 in
1322 3595 1483 3678 Ameri-

192 3746 283 3804 cam
319 3724 631 3829 meridionalem,
665 3744 704 3806 et
755 3725 956 3833 praecipue
1005 3726 1217 3837 prouincias
1267 3720 1390 3827 Chily
1441 3742 1481 3804 et

193 3848 294 3932 Per'u
327 3850 512 3961 susceptu,
544 3853 690 3963 primus
721 3876 809 3935 eam
844 3854 999 3953 inuenit,
1031 3874 1069 3935 et
1102 3856 1139 3933 in
1159 3850 1479 3960 Ephemeridibus

189 3974 497 4062 obseruationum
533 3980 798 4089 physicarum,
836 3978 1191 4064 mathematicorum
1243 4000 1283 4059 et
1331 3979 1477 4081 botani-

187 4128 351 4195 carum,
384 4106 543 4193 Iomaal
573 4108 636 4194 des
666 4100 908 4215 obseruations
932 4106 1141 4222 phystques‚
1166 4105 1477 4215 mathematiques

184 4246 234 4317 et
265 4234 507 4348 rotantque,
540 4237 774 4323 infectione
809 4238 913 4347 tibri,
944 4262 1040 4349 quae
1073 4236 1301 4321 inscribitur:
1332 4235 1476 4349 Hssot'-
1595 4242 1598 4251 '

1431 4384 1475 4452 rr
