4517 5875
302 434 809 580 attaortnuanra
857 420 1328 587 annuariam.
1403 516 1460 607 rr
1516 466 1520 476 ’

570 658 1078 825 cortanna.
1174 734 1178 740 ⁴

331 874 407 957 95.
472 856 575 974 Quia
624 858 851 968 productum
898 888 949 945 ert
982 860 1125 947 duabus
1172 861 1332 947 fiammis
1368 890 1463 977 qua·
1587 911 1598 925 =

179 986 266 1063 tuor
289 982 557 1093 quadratorum
582 984 636 1069 eti
661 1006 809 1096 quoque
834 992 979 1073 tamma
998 1008 1158 1096 quatuor
1174 990 1457 1101 quadratorum,

179 1098 297 1215 patet,
312 1106 361 1194 -st
393 1128 530 1193 omues
546 1114 694 1193 numeri
712 1102 830 1219 primi
851 1112 922 1199 fint
938 1112 1109 1196 summae
1128 1130 1289 1221 quatuor
1303 1118 1458 1223 quadra-

177 1243 331 1343 torum,
363 1234 571 1339 ueletiam
603 1230 846 1344 pauciorum,
879 1256 962 1321 turn
997 1235 1116 1320 etiam
1136 1262 1276 1321 omnes
1293 1246 1461 1329 omnino
1616 1304 1622 1317 -

175 1374 356 1443 numeros
386 1360 465 1447 ede
495 1358 663 1447 summas
694 1383 854 1477 quatuor
883 1366 1187 1477 quadratorum,
1239 1364 1304 1451 tei
1338 1372 1457 1463 etiam

176 1487 419 1597 pauciorum.

553 1652 1069 1789 s'ctrourou.

295 1846 399 1955 Ι96.
464 1842 503 1934 Si
553 1844 700 1933 summa
749 1866 906 1957 quatuor
957 1849 1224 1956 quadratorum
1264 1852 1457 1949 ιιι-ΡΜ

174 1982 243 2069 -t-
260 1999 312 2059 cc
330 1990 395 2071 -t-
415 1976 475 2060 dd
496 1970 604 2058 fiterit
621 1974 807 2059 diuisrbilis
824 1994 895 2085 per
912 1972 1104 2058 summam
1122 1992 1284 2084 quatuor
1300 1984 1457 2092 quadra·

173 2088 302 2184 torum
331 2118 394 2215 pp
413 2120 478 2197 -t—
499 2117 793 2215 qp-t-rr-t-
812 2126 873 2201 ss,
909 2120 990 2185 tunt
1025 2116 1187 2211 quotum
1221 2127 1300 2188 noo
1329 2102 1452 2193 sotum

131 2312 136 2317 .
174 2218 628 2335 instauraturum
662 2230 703 2312 in
736 2230 918 2335 integris,
951 2222 1028 2309 effe
1068 2225 1257 2313 summam
1291 2250 1457 2342 quatuor

45 2410 46 2441 t
171 2360 476 2465 quadratorum,
532 2357 586 2439 eii
634 2356 837 2439 theorema
886 2352 1204 2462 elegantissimum
1255 2347 1455 2467 Formatii,

169 2484 273 2564 euius
304 2480 581 2566 demonstratio
613 2506 701 2565 cum
737 2481 819 2591 ipso
848 2478 957 2563 nobis
995 2476 1048 2561 est
1077 2499 1217 2589 erepta.
1301 2482 1455 2597 Fateor,

168 2628 237 2693 me
268 2594 393 2691 adhuc
426 2606 521 2692 itant
555 2610 918 2693 demonstrationem
952 2604 1121 2687 inuenire
1167 2628 1244 2691 non
1277 2612 1458 2723 potuifl'e,

167 2755 440 2819 verumtamen
490 2736 581 2819 hinc
631 2736 693 2817 tia
739 2736 906 2843 aperitur
952 2731 998 2814 ad
1042 2728 1245 2816 theorema
1298 2736 1453 2849 sequent

165 2856 544 2966 demonstrandum,
591 2854 686 2968 quo'
707 2858 864 2966 quilibet
897 2878 1075 2940 ntttnetut
1108 2854 1253 2941 summa
1288 2882 1454 2971 quatuor
1599 2966 1605 2976 q

168 2990 450 3098 quadratorum,
482 2981 546 3067 tel
575 2987 798 3094 pauciorum
834 2979 1031 3091 aisctitttt;
1068 2980 1150 3063 casu
1181 2985 1342 3094 iciticet,
1374 3015 1453 3102 quo

169 3116 344 3224 quadrata
394 3111 508 3196 tradit
537 3133 617 3194 non
648 3111 925 3194 excluduntur:
983 3105 1053 3190 etst
1083 3107 1191 3191 enim
1224 3109 1305 3197 hoc
1339 3113 1453 3203 theo
1623 3171 1630 3182 ι

167 3265 277 3326 rema
309 3244 348 3324 itt
379 3229 537 3350 integris
566 3259 715 3348 quoque
755 3238 907 3348 semper
937 3253 1072 3318 tetum
1103 3233 1175 3334 fit,
1204 3257 1338 3325 tamen
1370 3268 1451 3334 raon

166 3389 301 3478 parum
333 3365 431 3450 mihi
465 3365 683 3476 praestittde
712 3363 867 3468 videor,
908 3363 1011 3472 quod
1045 3359 1083 3446 id
1117 3359 1261 3483 semota
1290 3372 1450 3478 quadra.

166 3509 296 3576 totum
332 3497 564 3602 integrorum
595 3494 744 3578 tatione
776 3483 1124 3575 demmstrauerim.
1203 3483 1307 3576 Cum
1339 3497 1446 3586 enim

164 3619 439 3706 demonstratio
469 3621 595 3722 adhuc¹
620 3619 706 3730 post
738 3618 974 3704 Fermatium
1007 3615 1050 3700 stt
1090 3614 1216 3700 frttiita
1257 3619 1449 3736 indagata,

127 3819 132 3830 .
164 3769 228 3832 me
256 3747 442 3860 proxime
471 3752 517 3833 ad
549 3747 651 3833 hunc
680 3742 841 3858 scopum
870 3739 1062 3856 pertigiffe
1100 3745 1282 3832 arbitror.

448 3935 1147 4045 tunounuuaa

288 4123 361 4207 97.
378 4105 514 4194 Omnis
529 4127 710 4193 numerus
726 4103 779 4186 eti
799 4099 946 4185 summa
963 4117 1124 4210 quatuor
1147 4083 1438 4229 quadratorum,
1544 4087 1549 4097 ’

153 4227 228 4314 vel
259 4233 376 4316 etiam
407 4238 648 4348 pauciorum,
678 4227 860 4348 stquident
892 4223 1070 4342 quadrata
1100 4219 1217 4315 tiaeia
1246 4255 1335 4365 non
1367 4266 1445 4334 eg„

44 4465 45 4490 ,
153 4353 367 4448 eudantm

1024 4591 1073 4602 ..
1201 4459 1449 4586 Daunus*
