4517 5875
526 390 942 601 ‘uait

201 728 444 825 Gubernator
463 738 538 823 toti
557 744 774 853 prouinciae
790 742 973 852 tegendae
998 738 1206 853 poefeors
1223 804 1236 844 ,
1252 742 1315 826 vir
1331 740 1493 853 integen-

199 872 367 951 rimuset
386 869 501 978 siquis
517 872 607 953 aiios
621 874 810 974 laboribus
827 872 961 961 nostris
975 872 1162 953 litterariis
1177 870 1318 977 fouens,
1336 871 1493 966 Alonion

197 995 331 1084 honis
347 995 460 1099 siluas
495 992 796 1109 Fleschtjcbeeav,
830 1002 937 1083 dulce
965 1000 1085 1081 oculis
1117 998 1372 1107 spectaculum
1422 1016 1491 1082 ex-

195 1125 380 1229 hiberet,
410 1128 502 1208 duros
532 1123 952 1231 Manes-Zineiunas,
981 1128 1119 1231 uiuus,
1172 1123 1400 1232 Petropoiin
1450 1128 1490 1209 iu

195 1252 321 1337 auiam
352 1253 649 1362 imperatoriam
696 1258 917 1340 mittendos,
988 1252 1085 1336 Non
1137 1251 1310 1359 neglexit
1360 1250 1491 1335 noster

195 1398 272 1465 tatn
307 1400 529 1491 opportune
559 1382 625 1465 nbi
658 1382 831 1467 oblatam
862 1380 1139 1488 occasionem
1188 1380 1368 1463 animalis
1414 1402 1491 1463 ex·

193 1524 344 1593 ternam
378 1509 550 1595 formam
577 1510 803 1621 descripsit,
833 1528 872 1591 et
900 1508 1057 1615 depingi
1089 1505 1265 1602 curauit,
1304 1530 1397 1622 qnae
1438 1510 1489 1594 de

191 1637 362 1719 moribus
394 1636 473 1720 eius
500 1640 642 1722 narrari
672 1641 842 1741 audiuit,
873 1636 1004 1717 litteris
1054 1633 1303 1738 consignauit.
1384 1633 1492 1721 Plura

189 1762 441 1870 praestatio,
491 1766 558 1847 niii
608 1764 807 1845 destinatio
853 1760 1077 1841 animalium
1130 1759 1171 1839 id
1222 1759 1485 1864 prohibuisset.

188 1888 356 1975 Euentus
385 1891 544 1981 docuit,
579 1891 730 1998 optime
758 1889 879 1972 fecifle
912 1886 1020 1968 ilium
1043 1884 1174 1995 ‚quod
1192 1882 1488 1996 descriptionem

189 2038 267 2099 non
300 2018 513 2123 distulerit,
546 2016 668 2101 donec
698 2020 916 2127 perueniret
947 2013 986 2093 in
1019 2035 1081 2095 ens
1119 2012 1295 2119 regiones
1329 2080 1342 2120 ,
1387 2033 1486 2125 quae

186 2144 276 2227 aliua
308 2140 577 2227 Zrbellinarum
610 2147 721 2255 copin
755 2146 918 2227 celebres
949 2138 1161 2223 laudantur.
1229 2140 1335 2223 Nam
1377 2144 1487 2251 posi·

187 2276 380 2373 modum,
407 2292 489 2355 tota
521 2272 608 2355 licet
640 2292 837 2382 peregrata
870 2268 1037 2363 Sibiria,
1071 2290 1264 2377 nunquam
1316 2260 1487 2378 amplius

185 2399 255 2505 ipsa
286 2392 457 2507 obtigit,
496 2398 698 2484 Mustelam
739 2398 971 2483 Zibellinam
1002 2397 1165 2485 vinam,
1198 2395 1282 2478 imo
1302 2420 1350 2478 ne
1369 2420 1484 2482 mor-

185 2543 288 2607 tuam
320 2528 508 2637 quidem,
541 2529 665 2638 pelles
696 2530 877 2637 excipio,
909 2524 1058 2607 videre.
1112 2524 1269 2639 Quodfi
1301 2527 1361 2607 cui
1401 2527 1483 2611 mi-

183 2676 265 2735 rum
302 2654 517 2754 videbitur,
550 2676 681 2737 notate
719 2678 863 2761 operae
901 2652 1065 2760 pretium
1106 2654 1201 2754 est,
1254 2650 1348 2735 haec
1397 2644 1481 2739 aoi-

180 2780 328 2881 mulia,
359 2804 456 2890 quae
488 2780 590 2865 oiim*
617 2783 750 2863 omnia
784 2778 892 2862 ninia
924 2778 1197 2887 occupabant,
1248 2801 1349 2858 nnnc
1398 2798 1483 2866 tam

179 2906 312 3017 procui
345 2904 543 3010 habitare,
578 2926 732 2989 utnon
766 2906 832 2990 nisi
863 2903 1035 3013 piuriurn
1060 2906 1210 2988 dierum
1240 2904 1404 3011 itinere,
1453 2923 1479 2993 a

179 3037 334 3144 quouis,
366 3037 483 3118 etiam
513 3029 794 3136 remotiisrma,
845 3029 1005 3116 Sibiriae
1035 3035 1130 3114 vrbe
1169 3083 1182 3132 ,
1236 3035 1480 3141 pentoniaton

179 3166 224 3247 ud
258 3185 303 3244 ea
334 3161 448 3267 ioca,
482 3187 575 3272 quae
608 3187 630 3244 a
663 3162 934 3256 venatoribus,
969 3148 1243 3241 Zibeliinarum
1293 3177 1480 3268 capturae
1584 3207 1590 3216 -

177 3291 357 3386 intentis,
390 3291 683 3398 frequentantur.
718 3289 822 3402 Quid
852 3283 998 3370 fecissen
1028 3282 1261 3371 Gmelinus?
1285 3289 1480 3396 Aliqnenu

175 3433 227 3500 ex
259 3418 391 3501 nostris
421 3443 470 3500 eo
506 3418 690 3525 mittere,
722 3417 851 3500 minus
879 3435 1003 3498 tutum
1046 3415 1277 3526 videbatur3
1308 3416 1472 3524 iubere,

174 3563 220 3628 ut
253 3565 449 3630 venatores
481 3546 692 3636 animalia,
724 3569 818 3653 quoe
851 3559 1061 3652 caperent,
1094 3543 1481 3653 integtaadstrtent5

176 3673 308 3756 nullius
339 3675 508 3758 utilitatis·
538 3672 664 3756 fuisset.
733 3673 914 3780 Namque
945 3669 1126 3752 hriniines
1170 3670 1278 3773 iiii,
1330 3669 1478 3758 Deunu

174 3793 453 3912 hominumque
486 3805 584 3884 itam
615 3801 832 3886 muneribus
849 3800 992 3909 placate
1009 3797 1135 3880 aiiueti
1153 3861 1165 3903 ,
1181 3797 1279 3882 nihii
1296 3798 1476 3883 bostanni.

27 3991 28 3994 a
172 3928 580 4036 habent,nis1quod
626 3927 770 4013 lucrum
805 3927 876 4010 iiiis
927 3926 1036 4008 offert
1067 3991 1080 4032 ,
1117 3948 1240 4034 neque
1283 3923 1393 4009 barile
1441 3947 1473 4010 o·

172 4051 555 4168 praesee'bis'urbium
586 4057 635 4140 nd
674 4054 775 4140 ahud
825 4055 913 4162 quid
963 4053 1191 4161 obligantur.
1272 4050 1477 4141 Praeterea»

27 4237 28 4242 a
171 4189 271 4268 mira
302 4185 509 4293 superstitio
541 4187 637 4268 inter
670 4183 754 4269 illos
783 4197 947 4289 regnat,
979 4203 1048 4288 qun
1091 4182 1247 4289 piaculo
1290 4179 1433 4266 habent
1448 4240 1474 4290 ,-

27 4347 28 4354 ¹
171 4312 219 4411 u,
250 4315 415 4399 detracta
444 4312 571 4422 pelle,
603 4313 789 4398 cadauera
810 4301 1104 4394 'Zibeiiinarum
1124 4311 1173 4392 ab
1197 4309 1356 4418 impuris
1373 4333 1473 4394 murv

172 4439 278 4530 nibus
303 4443 603 4530 attrectarentur.
669 4441 928 4657 Norbsecus‚
974 4443 1027 4523 ee
1072 4435 1109 4523 u
1148 4439 1469 4648 propinquomdran

824 4594 851 4675 3
1015 4661 1017 4666 ,
1347 4588 1391 4648 ⁶²
1439 4609 1464 4634 ⁶
