4517 5875
633 583 643 599 Ν
750 472 845 562 aaa
940 366 1193 552 raanan
1222 437 1504 544 sirannus
1537 432 1861 550 manatura,

753 682 926 786 miliari,
975 678 1003 762 st
1040 677 1183 786 plantas
1215 701 1239 760 a
1268 673 1304 758 se
1339 673 1420 784 ipso
1451 696 1532 756 aon
1563 670 1790 757 sufficienter
1829 666 2041 783 disquilitau

750 810 823 892 vel‘
861 831 915 889 ex
949 802 1180 925 imperscdlo
1213 805 1424 911 exemplari
1457 801 1720 910 perlustratus,
1753 801 1915 882 aliorum
1947 825 2034 910 pet-

755 936 971 1028 scrutationi
1006 955 1046 1015 et
1078 933 1324 1025 disnutfitioni
1355 932 1623 1016 commendat.
1687 929 1791 1012 Patet
1823 923 1930 1035 ergo,
1963 955 2035 1013 noa

729 1063 1005 1158 'frustraneum
1023 1065 1099 1153 elle
1120 1062 1286 1152 nostrum
1317 1059 1501 1160 studium,
1535 1056 1594 1157 fi,
1627 1080 1722 1166 quae
1753 1057 1866 1139 nobts
1895 1059 1946 1138 de
1976 1058 2039 1142 hae

757 1192 886 1302 planta
920 1193 1200 1295 cognouimus,
1230 1213 1306 1272 una
1336 1213 1426 1282 etun
1462 1189 1574 1268 iccnte
1603 1185 1734 1268 emila
1767 1185 1883 1267 etad
1914 1187 2039 1272 uiuam

759 1318 935 1430 plantam
961 1319 1084 1427 aaut,
1117 1342 1214 1402 nunc
1240 1316 1491 1402 cabuanus
1519 1310 1793 1425 butanopbilis.

917 1575 983 1660 Ex
1013 1575 1161 1659 semine
1192 1576 1365 1686 exigito,
1397 1574 1537 1658 colotis
1568 1573 1748 1684 punicei,
1786 1572 2046 1684 progerminat

763 1705 806 1798 iu
838 1703 962 1790 bortis
989 1705 1127 1800 nolitis
1154 1724 1202 1786 et
1235 1707 1275 1786 in
1316 1723 1419 1791 terra
1469 1703 1629 1792 labulosa
1682 1701 1882 1812 plantula,
1929 1704 2052 1785 radice

766 1835 879 1924 unica
911 1833 1083 1934 staffinlta,
1122 1833 1272 1937 albida,
1325 1829 1467 1914 fibtillis
1497 1857 1550 1921 ex
1579 1833 1692 1914 omni
1722 1831 1869 1913 ambitu
1898 1832 2053 1939 paucio-

765 1963 870 2047 ribus
901 1956 1201 2070 prodeuntibus,
1241 1978 1406 2064 ecquae
1454 1961 1598 2049 ,emittit
1647 1959 1850 2042 cauliculos
1898 1980 2053 2048 tenues.

769 2115 936 2174 numero
967 2091 1166 2193 incertos,
1194 2107 1372 2197 quatuor,
1406 2088 1602 2195 quinque,
1648 2088 1801 2196 piures,
1848 2085 1956 2170 nna
1988 2088 2052 2170 gd„

768 2215 1006 2320 scandentes,
1048 2218 1094 2298 ad
1127 2216 1338 2324 spithamae
1368 2213 1607 2302 altitudinem
1638 2216 1905 2320 excrescentes,
1939 2235 2054 2298 tutet-

773 2347 868 2429 dum
903 2343 1142 2431 subrubellos,
1161 2343 1377 2450 praesertim
1399 2363 1580 2450 tempore
1601 2367 1734 2447 ramo,
1758 2343 1892 2452 quibus
1921 2347 2053 2426 rtntn·

772 2495 846 2582 que
899 2468 1105 2552 adhaerent
1138 2467 1227 2552 folla
1278 2469 1521 2573 lanceolata,
1571 2473 1763 2576 carnola,
1795 2474 2058 2580 ,integerrima

772 2600 929 2698 alterna,
952 2594 1168 2686 breuissime
1188 2597 1382 2706 petiolata,
1401 2599 1552 2704 petiolis
1567 2600 1825 2696 albicantibus,
1861 2597 2058 2706 superficie

775 2725 858 2809 solii
893 2745 1048 2833 utraque
1078 2727 1239 2834 glauca,
1297 2718 1470 2806 insetiont
1518 2729 1767 2834 lapetiottbus
1798 2725 1876 2809 stunt
1913 2730 2060 2810 maiora

778 2870 820 2936 et
868 2855 1070 2961 cralltota,
1118 2875 1160 2967 et
1208 2851 1324 2934 deni>
1373 2877 1534 2936 numero
1580 2855 1773 2964 plantam
1808 2881 1970 2939 omnem
2005 2856 2062 2939 in-

777 2981 958 3064 vestiunt.
1027 2979 1070 3064 ln
1099 2981 1314 3070 summitate
1344 2983 1458 3072 caulis
1483 3007 1748 3067 coaceruantnr
1783 2984 1927 3069 flosculi
1978 2988 2065 3094 plu·

780 3108 904 3213 rimi,
941 3110 1153 3193 ambelam
1188 3110 1287 3219 quast
1315 3110 1525 3191 formantes
1558 3132 1760 3221 antequam
1789 3112 1964 3211 noant,
2000 3115 2063 3222 qui

781 3236 1114 3344 comprehendunt
1147 3238 1185 3317 in
1216 3237 1347 3341 calyce
1380 3237 1639 3343 tetraplnyllo,
1691 3239 1730 3318 in
1764 3238 1940 3321 inferiore
1982 3266 2062 3349 pat·

787 3380 826 3447 te
860 3361 919 3447 sua
951 3366 1080 3474 gibbo,
1118 3384 1158 3444 et
1205 3367 1396 3467 decidu0,
1426 3365 1562 3447 florem
1610 3369 1872 3475 tettapctalnm
1924 3371 2068 3475 tegula·

783 3515 902 3592 rem,
936 3492 1067 3575 colore
1101 3514 1153 3571 ex
1185 3490 1275 3573 albo
1306 3511 1345 3573 et
1375 3491 1483 3574 lineis
1511 3494 1627 3575 rubria
1658 3496 1912 3602 vaticguum:
1962 3498 2066 3579 color

785 3618 1005 3728 petalotum
1042 3619 1087 3721 ad
1123 3642 1292 3734 unguem
1327 3619 1381 3707 eu
1412 3620 1563 3729 roseus,
1621 3621 1745 3705 limbo
1776 3633 1945 3729 expanlo
1976 3626 2070 3717 albi-

788 3745 899 3833 diote
931 3766 969 3831 et
1000 3748 1163 3855 integro.
1248 3744 1355 3844 Dum
1389 3750 1510 3856 petala
1545 3748 1776 3835 marcescunt
1809 3750 1932 3833 tostus
1964 3755 2069 3845 coloe

788 3870 922 3975 sensam
960 3876 1069 3980 petit,
1103 3892 1144 3952 et
1174 3871 1265 3955 loco
1295 3876 1461 3971 eiusdem
1495 3876 1617 3959 lineae
1646 3896 1791 3965 tantum
1827 3879 1961 3961 rubrae
1982 3904 2075 3961 coa·

791 3996 1010 4107 spiciuntur,
1111 3998 1324 4085 Filumenta
1376 4006 1455 4097 sunt
1506 4004 1602 4106 sex,
1652 4030 1741 4086 cutn
1793 4007 1960 4088 antheris
2017 4005 2071 4089 lu·

793 4128 893 4237 teis,
942 4127 1137 4233 altitudine
1181 4132 1243 4231 lua
1296 4129 1533 4249 inaequalia,
1578 4134 1658 4223 duo
1709 4134 1844 4226 cellen
1902 4134 2078 4228 breuiora

1705 4302 1708 4307 .
1962 4275 2080 4381 pm,
