4517 5875
706 444 711 453 ·
753 462 842 543 aas
934 446 1031 541 nn
1058 415 1380 537 cortanna
1409 359 1897 533 troarnense,

751 679 868 764 latera
899 674 1004 785 tubi,
1032 699 1132 789 quae
1159 661 1365 763 licendum
1396 670 1545 775 ambas
1561 666 1793 767 directiones
1808 652 1885 751 Zr
1909 678 1952 752 ct
1970 656 2039 757 Zo

753 806 800 892 ad
818 806 1084 891 directionem
1112 806 1194 891 tubi
1218 800 1409 891 normales
1422 797 1600 887 exhiberi
1616 798 1725 883 solet.
1785 794 1925 879 Tertio
1944 819 2042 883 vero

756 935 956 1044 grauitas,⁴
972 960 1045 1043 qua
1077 934 1243 1044 singulae
1274 956 1391 1043 aquae
1426 930 1625 1040 particulae
1678 925 1856 1012 deorsum
1908 927 2041 1009 nitun-

759 1082 841 1165 tur,
890 1062 1087 1171 imprimis
1137 1064 1316 1147 examini
1361 1058 1420 1143 est
1464 1056 1715 1163 subiicienda,
1746 1053 1852 1167 quod
1879 1051 2045 1163 sequenti

762 1186 1005 1301 problemate
1032 1189 1284 1277 instituemus.

1137 1365 1571 1464 PROBLEMA
1633 1402 1682 1479 p
1773 1430 1778 1440 ·

906 1546 981 1605 n.
1026 1514 1071 1607 Si
1117 1518 1310 1639 cylindrus
1338 1515 1452 1604 irretit
1488 1533 1686 1625 atcunque
1715 1516 1765 1602 ad
1793 1514 2046 1607 horizontem

644 1646 648 1655 ’
764 1644 987 1757 inclimtus,
1025 1646 1190 1751 delinire
1220 1646 1324 1729 sires
1351 1643 1560 1727 secundum
1591 1664 1714 1727 ternas
1741 1646 1961 1755 praedietae
1986 1652 2046 1735 di·

765 1772 981 1885 redtiones',
1032 1777 1166 1886 quibus
1193 1775 1361 1884 singulae
1389 1796 1513 1883 aquae
1540 1772 1751 1885 particulae
1779 1767 1823 1861 Z
1848 1775 1892 1862 io
1920 1774 2049 1865 helice

765 1902 823 1987 ob
852 1904 1075 2013 grauitatem
1101 1904 1370 1991 sollicitantur.

1183 2014 1687 2167 sonnrto'
1798 2128 1938 2190 -„

600 2227 686 2305 Τὼ.
708 2222 755 2299 ll.
924 2224 1143 2347 Exprimat
1186 2227 1348 2336 angulus
1379 2220 1403 2309 l>
1440 2223 1746 2324 inclinationem
1764 2224 1859 2325 baiis
1885 2224 2052 2332 cylindri

447 2410 449 2421 .
604 2326 683 2433 ΠΕ·
708 2354 744 2421 4·
772 2346 824 2435 ad
854 2348 1125 2461 horimntem,
1161 2356 1278 2464 fitque
1306 2354 1348 2435 in
1376 2351 1497 2461 plano
1544 2350 1641 2436 batis
1684 2354 1872 2461 punctum
1924 2354 2049 2441 fixum

770 2479 815 2563 A
829 2480 1039 2589 summum,
1067 2480 1257 2593 punitum
1284 2474 1323 2561 B
1350 2504 1449 2563 aem
1477 2503 1634 2585 rmum,
1665 2481 1723 2596 'ita
1754 2502 1801 2563 vt
1828 2482 1935 2567 testa
1966 2478 2049 2567 ΑΒ

764 2620 863 2691 eum
892 2634 971 2693 axe
999 2602 1160 2716 cylindri
1191 2604 1286 2695 ct)
1315 2610 1359 2691 in
1386 2608 1509 2718 plano
1535 2606 1709 2689 verticali
1745 2606 1793 2691 tit
1839 2610 2052 2697 constituta

775 2731 826 2843 In
857 2722 937 2821 hoc
965 2740 1087 2849 plano
1117 2762 1189 2849 per
1214 2758 1393 2822 centrum
1425 2734 1519 2819 basis
1546 2728 1587 2818 C
1630 2738 1790 2821 ducatur
1828 2737 2056 2825 horizonta·

774 2858 825 2946 lis
855 2861 891 2948 C
901 2868 967 2973 H,
1014 2870 1166 2976 eritque
1194 2866 1356 2978 angulos
1384 2859 1517 2949 ΑΕΗ
1534 2888 1590 2944 ;·
1610 2859 1656 2973 θ,
1681 2866 1745 2949 seu
1774 2865 1805 2950 sr
1837 2870 2054 2977 expuncto

776 2990 817 3077 B
842 2995 1013 3105 erigatur
1039 2994 1148 3077 recta
1175 2995 1370 3078 verticalis
1396 2986 1484 3075 BG
1514 3017 1635 3075 axem
1663 2995 1705 3076 in
1738 2987 1781 3077 G
1818 2996 2053 3106 intersecans,

774 3121 853 3203 en't
884 3145 1039 3234 quoque
1068 3122 1219 3235 angulus
1245 3113 1382 3206 BGC
1397 3146 1453 3204 t:
1471 3117 1517 3225 θ,
1565 3139 1682 3230 atque
1721 3122 1779 3230 ob
1822 3126 2052 3231 grauitatem

747 3313 751 3322 ,
776 3238 946 3356 lingulae
976 3273 1096 3359 aquae
1123 3249 1334 3359 particulae
1365 3247 1660 3334 sollicitabantur
1700 3249 1881 3334 deorlirm
1931 3253 2055 3337 lemn·

779 3378 877 3460 drnn
907 3379 1143 3464 directiones
1169 3377 1240 3488 ipli
1269 3375 1359 3465 GB
1390 3375 1610 3488 parallelas,
1640 3394 1682 3460 et
1708 3376 1772 3479 vis
1807 3374 2056 3465 acceleratrix

611 3485 695 3592 5³8·
723 3515 758 3570 ¹·
781 3503 881 3589 haec
911 3505 1053 3615 vbique
1083 3506 1158 3604 erit
1187 3532 1246 3588 z
1269 3535 1311 3591 r.
1406 3505 1495 3590 Iam
1524 3507 1567 3588 in
1594 3508 1724 3616 prima
1751 3490 1876 3617 ligura
1907 3511 2058 3612 dncmnr

782 3651 939 3741 quoque
968 3635 1072 3718 tedia
1102 3625 1191 3715 BG
1220 3659 1313 3718 cum
1342 3660 1423 3750 axe
1463 3627 1502 3713 C
1508 3631 1552 3718 D
1598 3633 1829 3718 constituens
1874 3637 2057 3746 angulum

781 3755 914 3849 BGC
932 3789 985 3848 τ’.
1008 3759 1046 3864 θ,
1080 3785 1124 3844 ac
1152 3763 1339 3871 particula
1366 3786 1484 3874 aquae
1510 3761 1554 3844 in
1584 3753 1626 3844 Z
1662 3749 1859 3872 argebitnr
1881 3757 1949 3846 'vi
1975 3789 2061 3848 ac-

784 3889 1001 3978 celeratrice
1015 3914 1113 4000 :1
1152 3892 1360 3998 necandum
1388 3889 1642 4005 directionem
1681 3889 1817 3977 tettae
1851 3883 1939 3976 BG
1990 3917 2062 4002 pa·

610 4121 613 4128 .
785 4017 979 4105 sallelam.
1071 4017 1294 4108 Resoluamr
1339 4020 1436 4111 haec
1480 4004 1544 4108 ris
1587 4010 1793 4119 secundnm
1831 4019 2064 4110 directiones

786 4139 877 4276 GC
904 4167 945 4238 er
973 4141 1069 4261 CB,
1095 4148 1341 4266 prodibitque
1699 4147 1704 4161 '

1997 4276 2076 4366 vn

2155 392 2169 441 l
