4517 5875
574 378 578 385 ’
678 410 680 415 ’
810 471 904 575 29r
984 446 1939 555 nacocnnaanncmnanrn
2037 388 2042 395 ’

809 694 860 783 fic
904 694 1011 781 enim
1059 692 1194 805 atique
1216 689 1420 779 *celeritaa'
1437 685 1593 779 initialis
1617 708 1736 798 aquae
1767 684 1998 797 progreffiua
2032 717 2098 801 per

807 822 1001 909 cochleam
1034 821 1081 911 fit
1114 849 1174 907 z:
1189 823 1265 907 cos.
1283 811 1314 931 ζ
1332 810 1417 908 Vk·
1476 814 1571 933 „sin
1602 834 1732 906 autem
1784 814 1897 905 datus
1946 820 2096 909 initialia

806 949 859 1035 ita
889 950 1156 1061 concipiatur,
1203 970 1249 1035 rt
1289 952 1467 1033 obdurato
1515 946 1684 1033 inferimi
1735 940 1891 1029 orificio
1936 948 2096 1039 roenna

808 1078 847 1160 in
896 1086 1059 1188 gyrum
1084 1100 1247 1191 agatur,
1269 1097 1380 1161 'tum
1412 1072 1530 1169 ssvero
1565 1074 1697 1160 mbito
1727 1072 1920 1159 orificium
1955 1076 2095 1164 iterum

808 1208 965 1317 aperiri,
1012 1230 1108 1319 aqua
1156 1209 1260 1300 noc·
1284 1227 1493 1307 momento
1509 1202 1612 1300 ·‚sese‚
1638 1202 1720 1283 iam
1750 1200 1799 1284 ad
1827 1222 1985 1286 motum
2018 1209 2096 1293 tubi
2221 1257 2222 1314 ι

804 1337 1158 1431 accommodaucrit
1190 1335 1332 1421 necem
1363 1335 1439 1439 est,
1470 1335 1522 1427 ita
1552 1349 1705 1439 rtrum
1738 1352 1812 1437 pto
1838 1349 1971 1417 motus
1987 1334 2096 1420 initio
2221 1317 2222 1382 ³

700 1494 706 1529 ι
806 1458 973 1545 maurum
1006 1462 1236 1545 tit-oza.
1318 1460 1427 1543 Hauc
1455 1484 1549 1569 ergo
1595 1459 1649 1550 ob
1684 1480 1782 1541 -rem
1802 1480 1808 1487 ·
1830 1483 1923 1568 aqna
1974 1461 2096 1549 statim

806 1585 1034 1673 descendere
1057 1590 1249 1701 incipiet,
1275 1610 1401 1697 neque
1432 1586 1509 1671 ulla
1540 1575 1624 1672 eins'
1651 1605 1766 1694 gutte
1791 1584 1898 1696 supra
1914 1589 2095 1699 eiicientur,

806 1714 989 1823 siqnidem
1024 1716 1069 1799 su
1100 1706 1179 1824 b>
1199 1742 1235 1800 c.
1299 1719 1527 1833 Quanquam
1566 1734 1694 1799 autem
1727 1712 1830 1797 hunc
1861 1716 2000 1801 casum·
2021 1744 2097 1828 quo

808 1838 926 1928 izo
956 1841 1116 1926 feliciter
1149 1842 1335 1953 expedire
1352 1843 1506 1948 iicuit',·
1550 1846 1685 1927 'tamen'
1710 1866 1786 1951 pro
1818 1840 1888 1925 fitu
1920 1843 2096 1931 cochleae
2222 1895 2223 1940 ι

806 1968 1012 2073 inclinato,
1047 1970 1141 2054 aihu
1171 1972 1476 2056 admodumeu'
1502 1973 1727 2082 aequatione
1761 1970 1914 2057 inuenta
1939 1974 2097 2059 elicere
2222 1951 2223 2024 Ὺ

805 2094 914 2205 iicet,
946 2098 1007 2181 sed
1040 2116 1169 2197 natura
1201 2119 1330 2185 motus
1357 2122 1478 2207 aquae
1505 2096 1568 2181 his
1598 2100 1741 2207 caribus
1788 2097 1899 2203 nobis
1949 2098 2097 2190 abscon·

807 2224 887 2307 dita
920 2244 1091 2331 manet,
1105 2246 1308 2336 propterea
1339 2227 1444 2341 quod
1478 2225 1575 2330 haec
1605 2226 1778 2347 aequatio
1809 2226 1859 2309 ad
1893 2224 2095 2324 formulam

807 2350 1071 2437 Riccatianam
1101 2354 1293 2437 restrenda
1330 2359 1566 2477 commode
1591 2337 1742 2437 tradiari
1791 2355 1935 2462 nequit.
2033 2358 2096 2454 Ex

805 2502 888 2588 qno
937 2476 1080 2589 insigne
1127 2471 1357 2587 Analyieos
1377 2452 1548 2566 defectus
1576 2480 1833 2591 exemplum
1848 2482 2090 2595 agnoscimus,
2223 2537 2225 2646 γ

805 2606 909 2716 quod
943 2607 1142 2691 michinae
1169 2608 1468 2718 frequentiffimo
1514 2606 1582 2693 vsu
1635 2609 1813 2706 maxime
1858 2613 2095 2759 peruulgatae
2223 2685 2224 2694 ι

805 2732 963 2845 effecius
992 2737 1161 2845 pendeat
1189 2762 1211 2819 a
1240 2732 1467 2820 resolutione
1498 2734 1599 2821 hniu
1607 2736 1715 2819 modi
1755 2738 2011 2847 aequatiom's,
2038 2741 2097 2825 cni

806 2850 1012 2948 artificia
1001 2889 1040 2948 m
1072 2864 1230 2972 Annlysr
1281 2854 1406 2950 adhuc
1455 2862 1605 2954 detec'ta
1655 2890 1736 2949 nun
1782 2861 1989 2981 sufficient,
2037 2866 2096 2976 qni

805 2989 907 3071 casus
938 2989 1035 3072 milti
1066 2995 1169 3078 adeo
1200 2976 1383 3078 mirabilis
1413 2992 1468 3075 est
1501 2980 1625 3093 visus,
1658 3012 1703 3077 vt
1734 2982 1880 3077 etiamst
1930 2998 1976 3078 in
2024 2994 2096 3080 hac

805 3113 1130 3224 inuestigatione
1147 3119 1350 3230 scopum,
1388 3145 1505 3230 quem
1559 3119 1657 3204 mihi
1690 3117 1986 3230 proposueram,
2016 3145 2098 3207 nnn

806 3246 1023 3352 attigerim,
1062 3237 1314 3345 tamenhoc
1339 3267 1605 3357 argumentum
1653 3245 1920 3356 digmffimum
1971 3249 2098 3334 existi·

804 3377 1023 3478 maneum,
1056 3398 1137 3484 quo
1165 3368 1465 3460 Geometrarum
1500 3377 1603 3458 uires
1633 3375 1680 3459 ad
1710 3377 1748 3458 id
1779 3377 1930 3484 penitus
1976 3402 2101 3488 cxpe-

806 3495 990 3606 diendum
1040 3501 1268 3608 incitarem,
1313 3529 1392 3616 quo
1436 3504 1570 3586 labore
1620 3529 1701 3586 non
1750 3500 1874 3586 solum
1924 3507 2100 3590 maxima
2224 3566 2225 3629 1

804 3626 1016 3708 commoda
1048 3629 1088 3710 in
1121 3629 1392 3714 Mechanicam
1426 3630 1707 3734 redundabunt,
1752 3627 1812 3712 sed
1843 3633 1964 3716 etiam
1992 3633 2099 3718 Ana·
2224 3710 2225 3723 ,

801 3747 927 3873 lystros
957 3751 1094 3842 limites
1124 3755 1223 3846 haud
1254 3757 1502 3847 mediocriter
1532 3759 1880 3876 promouebuutnr.
