4517 5875
1092 528 1153 550 2
1295 358 1486 575 laon

746 707 926 793 cadauera
957 704 1147 796 efferenda
1179 714 1331 820 essent,
1361 713 1423 799 illa
1454 710 1577 797 suffitu
1626 709 1803 820 colunt,
1853 725 1897 794 et
1946 733 2038 795 cnm

669 850 675 857 “
748 837 956 919 reuerentia
990 860 1109 936 terrae
1142 845 1341 926 mandant·
1407 824 1650 950 Speranimus
1689 842 1896 950 quidem,
1945 840 2040 922 haec

747 962 939 1046 obstacula
971 988 1040 1049 uos
1074 986 1293 1052 remotnros
1323 966 1428 1074 effe,
1463 969 1490 1051 st
1523 969 1722 1075 aliquando
1770 966 1839 1076 ipsr
1887 968 1929 1051 iu
1974 964 2041 1045 iti·

749 1113 840 1171 nere
873 1091 1138 1199 comprehensi
1171 1095 1362 1200 iulum,
1413 1095 1479 1178 ubi
1531 1087 1748 1178 Zibellioae
1794 1111 2041 1203 caperentur,

696 1318 697 1321 Ν
748 1214 1017 1301 incideremus.
1083 1216 1160 1303 Sed
1192 1246 1264 1304 nec
1298 1223 1408 1304 nobis
1439 1241 1521 1304 tam
1554 1222 1720 1304 felicibus
1753 1222 1823 1303 else
1857 1220 2039 1327 contigit,

748 1365 820 1429 nec
852 1342 1035 1435 stellata,
1066 1370 1137 1431 nec
1170 1347 1543 1465 Krajcheninileaum,
1574 1350 1725 1431 etiamfi
1757 1347 1798 1431 lui
1832 1349 1871 1430 in
1917 1346 2045 1430 Kam-

750 1467 956 1561 ascharkam
992 1496 1107 1579 nsque
1142 1478 1402 1580 penetrariot,
1435 1478 1502 1568 rbi
1532 1494 1570 1557 et
1588 1501 1688 1557 nunc
1707 1500 1857 1585 quoque
1876 1464 2045 1555 Zibelli⁶

748 1620 882 1693 narum
918 1597 1066 1705 insignia
1088 1602 1208 1709 copia
1240 1603 1305 1684 est.
1374 1602 1478 1685 Ecce
1510 1604 1707 1709 quomodo
1758 1602 1901 1681 laetum
1939 1665 1951 1707 ,
1998 1615 2045 1679 ut

750 1744 898 1835 praeter
929 1715 1140 1807 Zibelliuas
1171 1728 1329 1809 Tobolii
1360 1728 1471 1846 viulas,
1505 1752 1626 1810 nemo
1658 1726 1825 1809 nostrum
1846 1725 1934 1807 alias
1951 1748 2045 1834 pro-

752 1848 842 1959 priis
873 1851 993 1933 oculis
1030 1852 1246 1937 lustranerit.
1280 1855 1383 1938 Ecce
1413 1857 1636 1959 rationem,
1667 1880 1735 1937 cnr
1765 1851 1827 1937 Cl.
1845 1851 2046 1959 Gmeliaus,

752 1976 792 2059 id
824 1977 926 2083 quod
957 1977 1044 2059 alias
1076 1979 1197 2084 iulet,
1230 2002 1352 2092 parter
1383 1984 1544 2065 internas
1575 1982 1747 2063 animalis
1776 2006 1858 2063 nou
1897 1974 2069 2063 exama‘

750 2103 867 2187 nauit.
933 2102 1005 2187 Ast
1035 2105 1208 2214 inquies,
1249 2109 1368 2193 multa
1398 2109 1465 2193 alia
1517 2106 1689 2216 neglexit
1737 2107 1785 2191 ad
1835 2108 2048 2217 pleniorem

639 2321 640 2324 w
749 2230 921 2325 animalis
952 2232 1214 2340 cognitionem
1243 2234 1444 2339 facientia,
1467 2260 1572 2345 ,quae
1603 2238 1781 2344 deinceps,
1818 2237 1860 2318 in
1908 2235 2050 2317 itinere

749 2358 921 2468 supplere
955 2360 1151 2471 potuillet.
1188 2361 1285 2447 Non
1317 2362 1535 2472 neglexiffet
1563 2361 1681 2469 fatue,
1713 2364 1781 2447 nisr
1812 2364 1970 2471 reliquas
1996 2362 2045 2445 de

750 2484 828 2570 hoc
860 2506 939 2569 tarn
975 2510 1062 2570 raro
1084 2492 1285 2577 animante
1319 2492 1473 2573 notitias
1499 2491 1708 2599 colligere,
1758 2490 1852 2574 milri
1901 2490 2043 2573 lumila-

751 2610 841 2697 sem.
899 2612 984 2697 ⁴Has
1016 2614 1238 2727 legar‚cui
1273 2619 1415 2725 volupe
1443 2617 1532 2725 est,
1564 2621 1604 2700 io
1646 2618 1784 2701 Tomo
1830 2613 1909 2699 111.
1955 2613 2052 2737 ⁰⁰²3

751 2742 913 2833 leciianis
942 2748 1157 2827 notitiarum
1189 2746 1244 2827 ad
1281 2746 1487 2851 Historiam
1527 2743 1718 2845 Rufficam
1753 2747 2019 2853 pertinentium
2078 2787 2084 2795 ·

752 2872 820 2956 ubi
852 2870 1107 2954 diucrfitatem
1140 2860 1416 2954 Zibellinarum
1451 2895 1525 2978 pro
1553 2870 1977 2978 diuersrs‘regionibus,
2009 2870 2049 2952 in

755 2999 890 3110 quibus
922 2997 1126 3101 habitant,
1157 3017 1196 3080 et
1225 3022 1321 3105 quae
1354 2995 1626 3080 mercatoriam
1658 2998 2050 3107 pelliscogoitionem

647 3133 675 3194 ·'
755 3128 917 3216 iuuant,
949 3123 1135 3232 descripsr.
1187 3123 1245 3208 Ea
1261 3149 1371 3234 ,quae
1402 3127 1448 3210 ad
1483 3124 1731 3208 uenationem
1768 3116 2050 3208 Zibelliuarnm

753 3251 924 3362 spectant
950 3312 963 3353 ,
993 3247 1185 3336 Guaeliaus
1215 3269 1252 3331 et
1283 3276 1390 3360 ego,
1443 3276 1532 3334 cnm
1580 3253 1679 3334 circa
1709 3249 1861 3336 lenam
1893 3252 2050 3335 fluuium

755 3383 1021 3484 versaremur,
1059 3380 1296 3462 coniunctim
1346 3376 1550 3487 explorare
1597 3377 1818 3462 studuimus.
1902 3379 2052 3464 Notata

753 3507 878 3617 lingua
911 3506 1060 3595 Rulsrca
1091 3506 1238 3616 digeffit
1268 3508 1456 3613 interpres
1488 3507 1599 3593 Elias
1625 3503 1837 3592 iachuntnau
1856 3569 1868 3609 ,
1886 3526 1928 3590 et
1946 3505 2055 3615 poll·

756 3635 920 3734 modum
955 3635 995 3719 in
1043 3634 1292 3744 descriptione
1338 3632 1636 3721 Kamtschatkae
1685 3632 1900 3746 Stephanus
1947 3635 2050 3720 Kra.

743 3759 997 3879 schminilrnau
1029 3763 1241 3871 publicauit·
1309 3759 1386 3844 Hic
1417 3759 1513 3844 liber
1541 3761 1665 3871 lingua
1703 3761 1855 3849 Ruffica
1889 3761 2054 3843 conscri-

758 3913 869 4002 ptus,
903 3890 1071 3974 omnino
1104 3890 1235 3974 multa·
1261 3889 1433 3972 continet
1465 3888 1672 3973 Historiam
1706 3909 1789 3972 tam
1821 3888 2052 3998 politicam,

758 4043 873 4127 quam
906 4016 1145 4121 naturalem,
1181 4017 1357 4127 inprimis
1384 4035 1513 4098 autem
1544 4014 1838 4127 Geographiam
1872 4035 1911 4099 et
1929 4037 2058 4100 mores

759 4149 928 4254 gentium
963 4144 1139 4252 egregiae
1168 4144 1412 4254 illustrantia;
1442 4169 1557 4253 qnare
1587 4143 1811 4249 suademus,
1841 4164 1886 4226 ut
1902 4140 2047 4252 aliquis,

705 4362 708 4368 ,
761 4272 822 4354 cui
854 4274 977 4354 otium
1011 4271 1097 4374 est,
1127 4271 1234 4356 illurn
1265 4271 1306 4350 in
1339 4270 1505 4381 aliquam
1535 4273 1675 4359 exteris
1719 4295 1870 4385 quoque
1919 4288 2058 4355 notam

757 4395 930 4512 linguam
966 4396 1164 4518 transferre
1196 4397 1394 4486 allaboret.

1925 4525 2060 4618 Vacca
