4517 5875
803 433 900 544 ιιι
987 403 1419 524 Auruncum
1449 419 1919 555 QVORVMDAM
2014 402 2025 462 ²

806 687 859 746 ex
891 685 985 774 pura
1017 668 1111 774 put'a
1128 633 1374 778 'pinguedine
1403 661 1563 746 constat.
1633 662 1780 768 linies,
1825 687 1942 774 quem
1977 659 2092 774 figura

804 791 907 899 fidit,
935 793 985 876 ab
1016 809 1154 880 exortu
1182 815 1366 876 cornuum
1398 791 1447 876 ad
1484 791 1643 877 initium
1671 794 1813 876 caudae
1831 805 1879 898 ιι
1910 791 2006 906 poll.
2028 787 2092 908 (ll)

801 920 937 1031 longus
965 937 1063 1004 erat.

1286 1137 1290 1142 .
1359 1135 1363 1144 ,
1419 1039 1494 1128 IV.

810 1215 1041 1310 SCIVRVS
1080 1211 1275 1306 MINOR
1326 1209 1682 1305 VIRGATVS.
1718 1211 2094 1303 FVRVNCVLVS

808 1337 1097 1423 servitorum
1122 1333 1495 1414 Mlesslsltsctrtllo.
1554 1335 1619 1412 AN
1641 1329 1844 1409 SCIVRVS
1868 1331 2096 1412 GETVLVS

890 1555 892 1562 V
1012 1435 1125 1515 coll
1150 1433 1282 1512 APVD
1302 1435 1437 1510 Gustu.
1468 1433 1567 1512 nnn
1590 1431 1691 1511 SYN.
1701 1421 1924 1526 QVADR..

1251 1534 1401 1614 RVSS.
1419 1541 1659 1640 bypyuaycb

956 1739 1143 1864 Sciuru'rn
1167 1745 1361 1836 minorem
1391 1743 1525 1832 habitu
1554 1746 1725 1871 corporis
1754 1760 1797 1827 et
1828 1744 1942 1829 cauda
1972 1738 2094 1830 refert.

609 1886 727 1976 ,Tala
748 1845 847 1976 th
875 1848 1083 1962 iunioribus
1112 1877 1170 1962 est
1190 1899 1359 1986 ,quem
1391 1850 1513 1985 ligura
1546 1874 1668 1983 fillit,
1715 1871 1873 1958 naturali
1905 1875 2096 1982 magnitu.

648 2042 651 2050 ·
811 2007 901 2091 dine
951 2005 1136 2118 pictum,
1184 2023 1357 2090 attamen
1407 2001 1607 2088 adultiores
1655 2025 1734 2086 ιιοιι
1776 1999 1900 2085 multo
1934 2004 2096 2086 maiores

795 2134 926 2240 ¹liunt.
995 2134 1065 2218 Α
1104 2131 1225 2244 rostro
1261 2148 1448 2215 extremo
1479 2128 1530 2213 ad
1563 2129 1817 2240 posteriorem
1850 2131 2094 2217 auricularum

814 2262 964 2375 partem
996 2260 1170 2346 dillantia
1202 2271 1326 2368 prope
1358 2258 1544 2344 duorum
1555 2256 1774 2368 pollicum,
1823 2258 1914 2341 inde
1944 2259 2036 2343 ad
2026 2255 2095 2342 rni-

791 2391 931 2486 ,tium
947 2387 1086 2476 caudae
1118 2411 1235 2497 nsque
1266 2391 1331 2490 3
1396 2385 1582 2474 Rostrum
1615 2387 1762 2471 inlerius
1788 2383 1970 2497 superiori
2002 2374 2095 2472 mr‘l

675 2575 679 2578 -
816 2539 863 2604 to
912 2515 1133 2628 produdlius
1179 2515 1248 2600 ell
1294 2479 1507 2621 Duobus
1545 2515 1810 2662 praelongis
1833 2515 2008 2599 dentibus
2059 2518 2095 2599 in

793 2663 974 2758 ,utraque
1007 2642 1166 2728 maxilla
1190 2644 1366 2754 gaudet,
1414 2666 1577 2755 quontm
1631 2644 1690 2750 ii,
1739 2647 1841 2760 quis
1855 2644 1896 2726 in
1947 2643 2096 2729 maxilla

815 2773 1003 2884 superiori
1058 2774 1173 2877 sunt,
1231 2769 1352 2856 clauso
1409 2795 1513 2883 ote
1564 2772 1823 2858 inferioribus
1864 2777 2097 2881 prominent.

798 2903 950 2993 -Rious
977 2899 1094 2985 latera
1125 2917 1165 2983 et
1195 2897 1388 3011 supercilia
1419 2895 1501 3008 setis
1540 2901 1685 3011 nigris,
1735 2904 1781 2985 ad
1831 2901 1972 2985 ridium
2024 2903 2096 3013 qui·
2219 2890 2220 2893 ‘

814 3036 926 3119 dem
945 3028 1206 3139 longioribus,
1253 3046 1435 3117 ornata
1476 3025 1597 3112 Frons
1627 3030 1673 3113 ad
1706 3030 1864 3112 rostrum
1897 3055 2016 3141 usque
2045 3030 2099 3113 lu·

795 3162 990 3263 testeos,
1023 3157 1139 3267 raris,
1171 3153 1324 3239 obscure
1353 3139 1488 3260 filicis,
1529 3156 1657 3265 pilis
1643 3145 1893 3242 intermixtis.
1960 3158 2100 3244 Oculos

794 3308 898 3395 ‚tam
932 3260 1102 3395 superne,
1133 3306 1246 3393 quam
1305 3280 1481 3391 inferne,
1510 3279 1611 3368 linea
1656 3282 1752 3368 fusca
1802 3286 1957 3395 ambit,
2004 3286 2101 3396 ipsae

816 3440 921 3501 tero
946 3414 1145 3522 palpebrae
1176 3409 1347 3495 albentes
1377 3417 1473 3496 sunt.
1541 3410 1670 3498 Malae
1698 3397 1929 3498 intestantes.
1997 3412 2101 3498 Dor·
2220 3411 2221 3482 l

818 3544 900 3627 sum
928 3538 1119 3645 lutescens,
1152 3537 1317 3649 quinque
1336 3538 1503 3623 fasciis
1467 3539 1581 3648 mgris
1602 3541 1825 3624 secundum
1817 3540 2100 3653 longitudinem

817 3687 1027 3773 ornatum,
1068 3666 1226 3749 anterius
1257 3666 1303 3749 ad
1336 3684 1484 3778 caput,
1533 3668 1660 3751 medin
1691 3688 1883 3777 excepta,
1929 3694 2024 3779 quae
2052 3667 2103 3752 ad

813 3800 1060 3883 anteriorem
1074 3816 1191 3905 usque
1222 3793 1475 3881 auricularum
1517 3814 1667 3903 partem
1717 3797 1873 3905 pergit,
1923 3796 2106 3905 posterius
2220 3773 2221 3862 i

797 3928 865 4012 ad
920 3923 1076 4009 caudam
1128 3922 1352 4006 terminatis.
1437 3919 1569 4006 Caudu
1622 3945 1645 4025 ς
1695 3922 1774 4005 fere
1826 3924 1923 4031 poll.
1952 3920 2105 4051 longi,

820 4054 949 4161 albis,
1000 4049 1116 4159 nigris
1161 4068 1203 4134 et
1250 4048 1531 4135 flauescentibus
1577 4052 1694 4163 pilis,
1762 4073 1841 4132 non
1887 4041 2108 4135 admodum

820 4180 973 4293 longis,
1015 4178 1152 4287 varia,
1197 4196 1381 4267 extremo
1430 4180 1540 4292 apice
1568 4181 1687 4286 albo,
1737 4179 1786 4265 ab
1822 4178 1981 4266 animali
2012 4178 2110 4262 rino

1995 4302 2110 4419 supra

908 4448 974 4549 (*)
999 4438 1066 4522 Hie
1090 4442 1249 4522 mendum
1274 4447 1390 4527 inbelle
1416 4429 1609 4530 nummu
1631 4450 1686 4529 eu
1722 4426 1867 4529 Forfiad
1890 4454 1932 4541 a}
1953 4442 2029 4564 ped

1723 4712 1745 4763 Χ
