4517 5875
755 472 882 626 '41t
1029 433 1471 596 autunto
1536 489 1783 594 u-otfr

744 734 865 820 'nauus
895 723 996 819 sous·
1025 732 1090 818 vet
1130 726 1339 819 stetinum
1371 689 1698 843 respondentibus,
1715 726 1797 835 nne,
1822 725 2054 840 aequatus,

625 849 629 862 ’
757 863 1031 964 determinare,
1062 861 1233 972 primum
1265 863 1308 944 in
1347 880 1483 969 aperto
1497 859 1610 942 -mari
1642 880 1735 942 meo
1763 860 1918 968 quidem
1948 857 2040 942 iudi·

756 993 823 1076 cio
854 991 910 1075 est
941 991 1233 1091 difficillimum,
1258 987 1542 1100 laepiffimeqne
1568 1004 1729 1096 propter
1765 986 1867 1094 coeli
1883 985 2044 1069 uarieta-

760 1135 843 1202 tem
876 1119 993 1204 calsus
1023 1118 1170 1228 labor;
1221 1118 1362 1202 deinde
1399 1141 1504 1202 'uero
1549 1115 1750 1226 negotium
1782 1112 2052 1222 complurium.

758 1243 844 1329 sane
880 1245 1077 1348 horarum,
1107 1270 1271 1358 quarum
1302 1246 1427 1356 spatio
1446 1244 1562 1328 ‘nauis
1591 1243 1641 1328 ad
1666 1266 1827 1326 ancoras
1858 1239 2055 1350 consulat,

760 1370 910 1459 necesse
943 1377 1036 1482 est,
1087 1399 1137 1457 ne
1179 1373 1371 1484 temporis
1412 1373 1662 1484 computatio
1703 1370 1820 1454 nimis
1851 1369 2052 1477 implicata

760 1524 934 1612 vagaque
963 1501 1150 1589 reddatur·
1214 1499 1285 1584 Sin
1315 1521 1471 1604 autem,
1522 1519 1568 1584 vt
1608 1497 1797 1582 nonnullis
1827 1521 2055 1606 proponere·

761 1631 981 1714 consultum
1011 1629 1139 1716 visum
1155 1629 1222 1736 eli,
1244 1627 1428 1717 Meridiei
1442 1629 1709 1713 determinatio
1726 1651 1778 1709 ex
1792 1625 2058 1713 altitudinibus.

763 1752 865 1841 Solis
903 1759 1123 1868 aequalibus
1151 1759 1273 1870 paulo
1300 1774 1391 1842 ante
1410 1777 1462 1840 et
1490 1755 1581 1864 poli
1605 1755 1915 1838 culminationem
1935 1749 2059 1838 'Solis

761 1883 972 1970 obseruatis
1013 1888 1175 1996 petenda
1204 1887 1334 1994 fuerit,
1376 1881 1663 1972 meridiatum
1691 1879 2061 1968 rarioneconclutn

763 2013 932 2098 minime
962 2013 1017 2098 ell
1048 2014 1265 2102 fidendrnn.
1816 2101 1820 2108 .

880 2140 1016 2224 Hisce·
1037 2143 1237 2226 rationum
1286 2141 1506 2225 momentis
1537 2138 1712 2223 indudius
1744 2137 1784 2222 in
1818 2138 2056 2225 methodum

758 2263 986 2352 obseruandi
1016 2269 1203 2378 temporis
1234 2267 1365 2371 incidi,
1389 2272 1502 2354 cuius
1528 2267 1754 2373 beneficio,
1802 2293 1890 2353 cum
1940 2268 2053 2354 diffe-

729 2397 883 2479 ·rentia
931 2409 1085 2480 tantum
1131 2394 1380 2480 altitudinum
1424 2399 1601 2481 binarum
1648 2394 1837 2479 stellamm
1867 2459 1886 2498 ,,
1927 2397 2048 2480 neuti-

752 2546 878 2634 quam
911 2547 1009 2608 uero
1040 2521 1256 2608 altitudines.
1281 2547 1419 2608 etrum
1448 2523 1646 2608 absolutae·
1674 2523 1898 2608 obseruatne
1923 2524 2053 2636 requi·

761 2669 906 2756 rantur,
927 2675 1069 2737 errores
1087 2650 1321 2736 instrumenti
1337 2671 1378 2734 et
1396 2651 1776 2736 Horizontismaiori-
1789 2678 1840 2736 ex
1861 2669 1968 2762 parte
1986 2653 2049 2738 vi·

761 2792 857 2881 tare,
890 2797 930 2864 et
948 2778 1225 2891 obseruationes
1237 2781 1285 2865 ad
1305 2796 1464 2890 tempus
1486 2781 1827 2865 determinandum
1841 2779 2047 2891 foedantes

763 2901 911 3017 aliquot
933 2926 1085 2993 tantum
1102 2912 1248 2993 uunut..
1264 2910 1388 3020 prim.
1405 2909 1532 3021 spatio
1544 2932 1722 3021 peragere
1739 2909 1829 2995 licet
1848 2935 1861 3021 3
1892 2911 1943 2996 ita
1961 2911 2047 3021 qui·

766 3032 938 3121 demut
985 3034 1130 3121 nullam
1176 3038 1516 3123 eonnubrtionem
1562 3039 1882 3125 obseruationibus
1915 3039 2046 3125 afferre

764 3161 879 3269 poffit
935 3160 1012 3248 sure
1059 3162 1335 3251 refradionum
1389 3166 1640 3250 inconstantia·
1688 3187 1806 3279 atque.-
1849 3168 2046 3274 diuetsrtas,

766 3286 846 3373 fine
860 3290 1090 3379 Horizontis
1116 3289 1297 3380 senfibilis
1321 3292 1539 3379 inclinatio
1598 3295 1745 3381 Modus
1763 3296 1829 3381 hic
1857 3294 1908 3379 ἑο
1941 3319 2050 3405 prae-

765 3431 868 3503 terea
901 3422 1042 3527 gaudet
1087 3422 1336 3528 commodo,
1386 3441 1437 3506 ut
1468 3445 1618 3505 errores
1660 3425 1701 3506 in
1750 3424 1831 3534 ipsa
1879 3424 2049 3509 altitudi-

768 3566 863 3627 num
898 3542 1114 3633 differentia
1164 3548 1342 3656 admisu,
1371 3549 1446 3634 saue
1478 3550 1653 3635 diuisroni
1683 3551 1943 3653 instrumenti,
1976 3552 2050 3637 fine

641 3748 645 3757 .
768 3668 1000 3757 obleruatori
1050 3676 1294 3781 adstribendi,
1343 3678 1488 3766 nullam
1521 3678 1730 3763 notabilem
1780 3684 1821 3764 in
1869 3699 2054 3791 tempore

767 3799 909 3901 exinde
960 3800 1197 3915 supputando
1242 3804 1461 3917 producere
1508 3805 1664 3893 valeant
1710 3832 1866 3895 aneto
1899 3808 2051 3896 aberra·

766 3941 933 4012 nonem.

884 4058 1049 4155 Accedit
1080 4061 1128 4147 ad
1159 4059 1271 4173 haec,
1310 4078 1355 4146 vt
1382 4063 1576 4150 nauclerus
1603 4062 1755 4151 calculis
1783 4064 2057 4153 astronomicis

768 4175 949 4293 imbutus,
981 4187 1120 4299 usuque
1151 4190 1487 4279 instrumentorum
1520 4211 1562 4277 et
1589 4192 1767 4281 methodi
1799 4193 1951 4282 huiusce
1983 4202 2058 4281 ub·

767 4327 843 4395 rae
874 4316 1117 4429 exercitatus,
1143 4316 1253 4422 facili
1281 4322 1466 4433 negotio,
1494 4325 1625 4439 polito
1656 4324 1762 4413 breui
1778 4322 1951 4436 -talctlo,
2001 4325 2058 4407 ita

782 4436 786 4445 .
1192 4453 1196 4462 ,
1962 4444 2064 4539 fem

2040 4530 2060 4567 Δ
