4517 5875
530 693 1194 788 DEMONSTRATIO‘

70 902 73 907 -
217 758 882 1025 suuoauurutrs
924 846 1536 1027 suuttATtANt
1620 901 1626 907 ·

213 1023 437 1127 ΟΜΝΕΜ
471 1026 769 1135 NVMERVM
801 1024 1026 1113 PRIMVM
1061 1024 1301 1141 FORMAE
1334 1044 1493 1131 ΔΑΗ-ι
1771 1032 1791 1071 ”

218 1148 382 1269 essu
412 1152 672 1297 suasuram
703 1150 956 1237 uvouvtu
989 1146 1465 1265 Qvuouarouvtu.

469 1344 710 1446 suetoso
733 1362 1014 1445 tsouauoo
1038 1358 1241 1443 strete
1321 1406 1329 1417 ·

779 1532 818 1631 5·
884 1565 927 1623 t.

212 1660 434 2013 Cum
476 1698 602 1841 uuper
632 1754 699 1815 eos
730 1729 848 1813 essem
881 1723 1164 1843 contemplatos
1192 1745 1395 1839 numeros,
1428 1726 1497 1843 qui

395 1876 449 1939 ex
482 1858 677 1941 additione
702 1858 874 1941 duorum
901 1860 1168 1965 quadratorum
1192 1858 1377 1965 oriuntur,
1407 1860 1499 1968 plu-

396 2005 456 2067 res
478 1984 733 2071 demonsttaui
759 1980 1028 2096 proprietates,
1060 1982 1193 2092 quibus
1222 1977 1316 2068 tales
1344 1987 1497 2082 dumeti

210 2098 292 2188 sum
322 2110 502 2215 praediti:
545 2137 670 2223 oeque
700 2128 833 2196 tamen
863 2132 970 2193 meas
1004 2111 1272 2212 meditationes
1300 2134 1353 2194 eo
1377 2109 1512 2223 usque

210 2232 409 2339 perducere
447 2238 573 2349 licuit,
611 2261 657 2325 vt
685 2238 797 2327 huius
826 2236 1099 2343 theorematis,
1132 2239 1239 2348 quod
1282 2234 1509 2324 sermatius·

190 2358 311 2477 ‘oiim
359 2356 588 2451 Geomettis
626 2364 960 2455 demonstrandum
1010 2366 1237 2477 proposuit,
1286 2364 1492 2451 veritatem

208 2480 324 2597 solide
369 2492 566 2578 ostendere
606 2495 827 2609 potuissem.
892 2490 1115 2578 Tentsmen
1155 2512 1287 2579 umen
1324 2493 1496 2579 demor-

209 2608 393 2701 matonis
430 2638 519 2703 tum
547 2624 721 2737 exposui,
746 2624 853 2707 unde
881 2618 1075 2705 certitudo
1105 2618 1217 2704 huius
1246 2618 1498 2703 theorematis

209 2738 344 2824 multo
375 2742 595 2833 luculentius
623 2751 760 2853 elucet,
792 2744 951 2831 etiams·
966 2743 1126 2829 criteriis
1157 2744 1299 2855 rigidae
1329 2745 1499 2829 demon·

207 2861 396 2952 litationis
431 2871 668 2958 destituatur:
710 2895 834 2983 neque
865 2868 1058 2978 dubitaui,
1095 2870 1189 2980 quin
1218 2869 1353 2954 iisdem
1382 2869 1496 2955 testi·

209 2991 279 3099 giis
331 2995 527 3082 infiliendo
574 3000 728 3084 taudem
776 2995 1056 3082 demonstratio
1093 2997 1297 3082 desiderata
1347 2995 1495 3083 secitur

212 3116 378 3204 detineri
411 3124 548 3234 possse,
583 3127 691 3236 quod
718 3123 873 3236 quidem
905 3145 961 3208 ex
991 3137 1256 3234 eovtcmpore
1289 3119 1389 3229 mihi
1418 3121 1494 3233 ipsi

161 3351 167 3362 Ι
209 3241 276 3327 usu
316 3249 441 3354 uenit,
483 3254 561 3356 ita,
581 3270 632 3336 rt
663 3269 862 3337 tentamen
894 3247 1007 3356 illud,
1046 3249 1077 3350 fi
1117 3249 1188 3337 alia
1217 3247 1403 3361 quaedam
1419 3250 1491 3332 te·-

189 3369 271 3458 ,τῖε
309 3376 560 3462 coufid'eratio
593 3381 783 3471 accedat,
832 3377 873 3460 iu
911 3375 1074 3484 rigidam
1121 3377 1494 3465 demonstrationem
1650 3437 1656 3446 -

210 3495 334 3584 abeat.
429 3505 546 3598 Nihil
573 3508 732 3616 quidem
757 3505 876 3604 uoui
916 3501 956 3584 iu
986 3500 1061 3586 hac
1101 3516 1145 3590 t'e
1174 3526 1242 3588 me
1277 3500 1495 3616 praestitisse
1579 3513 1585 3526 “

211 3620 364 3730 giorimi
397 3634 570 3741 possum,
600 3633 692 3718 cum
723 3631 802 3742 ipse
833 3631 1048 3716 Ferruatius
1079 3631 1160 3714 iam
1194 3629 1492 3716 demonstratio·-

211 3773 301 3860 oem
335 3753 450 3846 huius,
486 3759 731 3846 theorematis
767 3757 930 3842 elicuisse
973 3751 1010 3852 se
1054 3756 1302 3868 profiteatut3
1334 3777 1492 3860 retum,

210 3877 313 3984 quod
353 3907 443 3971 eam
484 3911 669 3998 nosquam
699 3877 841 3998 publici
872 3883 962 3968 iuris
990 3874 1102 3990 serit,
1133 3884 1214 3968 eius
1242 3884 1394 3967 iattura-
1416 3903 1494 3992 pe·

210 4003 321 4089 ridde
365 4037 410 4096 at
457 4005 716 4126 plurimorum
766 4011 933 4096 aliorum
987 4012 1231 4118 egregiorum
1280 4007 1389 4091 huius
1415 4007 1491 4092 siri

210 4127 451 4224 inuenturum
481 4139 617 4248 efficit,
649 4157 707 4240 rt,
731 4161 825 4252 quae
853 4157 954 4219 nunc
975 4136 1148 4248 demum
1177 4135 1227 4219 de
1259 4132 1321 4218 his
1351 4136 1523 4246 depes·-

213 4255 304 4342 dr'tis
351 4268 456 4352 rebus
493 4267 595 4379 quasi
642 4286 927 4378 recuperamus,
959 4283 1013 4358 ‚ea
1057 4285 1140 4348 nou
1189 4261 1389 4347 immerito
1416 4283 1493 4371 pro

211 4388 320 4514 notis
357 4395 526 4486 iuueuus
560 4393 783 4484 habeamur.
826 4437 830 4448 ·
877 4385 984 4603 suAm
1025 4391 1133 4478 euim
1161 4411 1286 4477 nemo
1319 4405 1500 4501 mquam

989 4537 1021 4600 Β
1400 4531 1487 4602 tim
1634 4547 1642 4564 ·
