4517 5875
315 425 1288 538 Mannouonotltcdn.
1355 457 1447 550 879
1605 366 1608 384 Ι

306 667 469 755 Collatia
503 668 600 754 hisce
631 669 730 754 inter
761 670 796 754 sc
812 667 1130 756 obseruationibus
1160 670 1315 782 patescit
1344 670 1452 756 sum·

166 821 276 885 tuam
309 797 420 882 huius
452 801 540 882 anni
574 799 756 883 mercurii
783 799 1023 892 altitudinem
1055 801 1095 884 in
1131 801 1226 883 tubo
1280 797 1454 885 torricel-

164 930 268 1012 liano
297 926 398 1012 sttilse
433 951 491 1030 29
527 928 709 1036 pollicum
741 925 992 1012 Parisinotum
1026 948 1068 1011 et
1105 927 1241 1012 decem
1282 928 1452 1037 partiunt

163 1054 455 1140 centestnunun
489 1053 654 1137 eiusdem
689 1055 852 1164 pollicis.
921 1053 1000 1174 ,Est
1032 1055 1127 1139 haec
1165 1053 1327 1139 altitudo
1367 1078 1456 1138 tna·

165 1185 256 1288 iot,
287 1182 467 1266 omnibus
500 1183 546 1266 ad
577 1181 654 1264 hoc
689 1199 842 1291 tempus
884 1167 1118 1290 obseruatis,
1167 1179 1317 1293 supetat
1346 1183 1455 1267 euim

166 1333 384 1394 maximam
431 1307 570 1393 adhuc.
606 1308 838 1395 obseuuatam
893 1335 966 1413 29.
1018 1333 1069 1391 οι
1118 1331 1262 1394 nouem
1296 1309 1459 1421 partibua
1618 1399 1620 1403 .
1759 1382 1761 1393 .

166 1435 378 1521 centesimis
451 1436 603 1546 pollicis
679 1435 841 1522 Paristni.
921 1427 1068 1548 'Ergo
1128 1461 1228 1522 nunc
1288 1438 1457 1548 spatium

163 1565 417 1648 vadationum
451 1565 786 1648 baronaetricatum
820 1567 1076 1673 mutandum,
1115 1582 1155 1648 et
1188 1588 1334 1650 nouetn
1370 1591 1461 1676 pat·

167 1693 264 1776 tibus
293 1691 506 1776 centesunis
536 1692 590 1776 est
624 1690 960 1804 amplificandum.
1025 1691 1157 1778 Media
1192 1715 1345 1806 quoque
1373 1694 1461 1777 alti·

167 1825 262 1905 tudo
292 1819 347 1902 esi
382 1820 577 1927 mutanda,
607 1843 705 1931 quae
738 1847 837 1904 nunc
869 1817 926 1903 est
963 1841 1036 1922 27.
1061 1828 1163 1923 752,
1197 1845 1314 1934 quum
1346 1839 1461 1910 antea

165 1947 278 2032 suerit
299 1968 369 2049 27.
390 1973 464 2049 71.
514 1951 648 2064 Quum
666 1949 780 2059 igitur
796 1947 871 2031 huc
890 1969 1009 2059 usque
1025 1952 1185 2060 spatium
1200 1949 1460 2054 uariationum

168 2073 283 2160 fuerit
304 2103 344 2158 2.
364 2081 442 2159 6οὲ
473 2077 660 2159 etitnunc
696 2103 737 2161 2.
771 2064 860 2184 ⁶93'
880 2073 1061 2159 sciliceta
1097 2085 1172 2159 26.
1206 2099 1262 2178 41
1299 2075 1346 2156 ad
1383 2100 1459 2175 29.

173 2228 246 2284 ιο.
268 2201 444 2316 Contigit
459 2203 553 2289 ha'ec
576 2203 732 2288 altitudo
751 2207 924 2312 maxima
955 2203 1065 2288 huius
1103 2203 1194 2288 anni
1221 2203 1378 2284 ianuarii
1401 2220 1455 2303 ις

167 2330 211 2416 h.
242 2321 286 2432 7ἰ
320 2361 360 2442 p.
389 2341 448 2418 tn.
495 2331 601 2440 'lpso
634 2333 792 2414 meridie
826 2321 922 2412 2222Ι
944 2355 1013 2426 29.
1049 2338 1129 2435 o‘5,
1158 2348 1199 2410 et
1223 2329 1340 2423 nodie
1365 2355 1464 2438 quo·

166 2482 243 2570 que
260 2451 446 2570 sequenti,
463 2457 542 2538 diei
555 2473 683 2539 autem
704 2456 1114 2568 ptaecedentisuespe'ri
1136 2481 1159 2538 2
1165 2479 1293 2556 9.00.
1312 2452 1465 2542 Ventut
1505 2509 1508 2514 -

169 2607 252 2669 erat
283 2611 364 2670 non
390 2583 596 2687 sensibilis,
648 2587 897 2691 praecedente
920 2585 972 2672 ’Ν
1004 2605 1045 2666 22
1076 2581 1202 2693 ugo
1232 2583 1348 2666 debili
1378 2587 1464 2670 die·

168 2713 238 2797 bus
269 2712 415 2824 aliquot
443 2711 780 2818 antecedentibus,
831 2708 1114 2822 subsequebatur
1144 2709 1186 2796 Ο
1218 2711 1349 2796 debilis
1398 2712 1463 2797 die

170 2839 351 2951 sequenti,
395 2862 510 2947 quem
556 2839 775 2948 excipiebat
806 2836 869 2920 W
909 2840 1195 2928 vehementior.
1261 2837 1465 2924 Thermo·

175 2990 343 3054 mettum
375 2984 456 3051 2222
494 2984 596 3067 272.
660 2964 826 3051 lllinitna
856 2965 1017 3053 altitudo
1049 2976 1122 3051 26.
1155 2990 1215 3072 90
1254 2966 1310 3050 eli
1335 2985 1466 3053 notata

178 3095 373 3183 Februarii
411 3120 456 3176 22
497 3092 579 3204 ipso
610 3094 801 3201 meridie,
833 3092 947 3177 coelo
982 3095 1145 3194 nubilo,
1185 3112 1305 3177 uento
1335 3090 1466 3207 sgo

176 3224 340 3335 spirante
391 3222 589 3306 mediocri.
673 3220 753 3307 Die
802 3222 1041 3305 antecedenti
1089 3240 1172 3305 erat
1206 3240 1278 3322 27.
1310 3226 1371 3301 60
1421 3238 1467 3305 et

177 3351 207 3437 h
257 3371 300 3451 7.
338 3376 379 3461 p·
409 3376 465 3435 m.
502 3373 576 3450 27.
614 3374 687 3434 10.
768 3342 885 3431 Calor
917 3348 1125 3435 diminutus
1158 3366 1238 3431 etat
1278 3347 1324 3432 ad
1365 3342 1466 3448 150,

180 3478 369 3591 punctum
400 3476 534 3561 scilicet
568 3476 856 3587 congelationis.
925 3476 1153 3560 Pracedebat
1185 3473 1338 3583 uesperi
1388 3474 1469 3561 dici

180 3606 431 3691 antecedentia
461 3601 586 3714 SgO
622 3624 661 3705 3,
691 3620 734 3687 et
766 3600 982 3717 sequebatff
1009 3600 1038 3687 S
1087 3598 1232 3687 debilis.
1330 3586 1466 3716 Quum

179 3734 275 3819 haec
305 3733 467 3817 altitudo
501 3734 660 3815 minima
695 3737 765 3827 26.
803 3756 861 3833 90
898 3728 976 3813 noit'
1026 3728 1175 3840 superet
1223 3724 1468 3815 altitudinem

184 3864 393 3947 minimam
443 3858 510 3944 laic
561 3859 637 3943 iam
690 3860 925 3943 obseruatum
963 3862 1035 3976 26.
1071 3883 1155 3965 413
1210 3871 1344 3939 manet
1373 3854 1469 3941 haec

74 4014 82 4021 ·
184 3990 263 4077 huc
293 4012 414 4099 usque
443 3984 565 4071 adhuc
597 3988 777 4072 minima.
861 3986 1011 4069 Pondus
1057 3988 1174 4094 igitur
1223 3982 1470 4092 atmosphae·

184 4142 253 4203 rae
282 4116 359 4200 ltoc
388 4139 492 4199 anno
519 4114 682 4200 multum
703 4114 892 4199 uariatum
928 4114 1012 4216 suit,
1046 4116 1141 4197 dunt
1175 4112 1332 4224 spatium
1358 4110 1473 4197 huiut

186 4247 277 4333 anui
307 4244 549 4331 altitudinum
582 4242 763 4333 mercurii
798 4242 1026 4453 turinianum
1059 4240 1127 4329 fuit
1163 4264 1206 4325 2.
1244 4262 1318 4323 20.
1356 4362 1428 4457 cal

930 4367 999 4453 bb
1030 4392 1057 4449 2
1428 4390 1479 4455 o·
1595 4402 1600 4409 ·
