4517 5875
737 494 771 616 i(
805 526 858 605 ar
897 490 933 613 i(

246 750 406 839 Vacca
437 753 739 861 grunniens,
777 752 953 861 villula
981 816 993 859 ‚
1031 752 1190 839 canda
1221 757 1410 867 equina

328 1010 426 1092 Pera
460 1008 527 1091 est·
544 1005 791 1095 Calmuccicis
808 1010 1099 1119 Tanguticisque
1127 1013 1235 1095 terris
1265 1014 1476 1121 indigena,

148 1154 154 1165 ·
180 1158 296 1245 quam
315 1137 451 1245 pariter
468 1140 564 1242 apud
588 1136 730 1219 Exceil.
751 1134 1056 1221 Gubernatorem
1076 1132 1249 1242 Sibiriae‚
1265 1136 1371 1247 snpra
1389 1140 1472 1220 iau·

78 1339 85 1347 .
179 1261 309 1343 datum
344 1256 624 1373 Plcfinlicheern
641 1330 652 1367 ,
668 1264 828 1347 Tobol'ii
857 1262 981 1345 videre
1001 1263 1117 1345 licuit.
1140 1264 1229 1347 Vah
1249 1262 1261 1346 i
1278 1290 1393 1372 qnam
1414 1265 1470 1345 in-

180 1390 373 1495 domitum
408 1390 581 1497 animai,
614 1393 712 1501 quod
745 1414 865 1499 neque
898 1390 971 1471 leui
1020 1390 1144 1496 digito
1195 1391 1383 1497 attrectari
1435 1389 1474 1473 st

178 1518 396 1625 patiebatur.
461 1518 619 1602 Etiamsi
648 1540 776 1601 autem
811 1515 1011 1624 descriptio
1042 1518 1093 1599 ob
1137 1517 1234 1600 hanc
1280 1522 1472 1599 rationem

177 1665 230 1723 ex
262 1646 344 1727 solo
378 1664 544 1727 externo
577 1644 755 1753 adspectu
789 1644 958 1731 coniecta
992 1640 1033 1725 fit
1069 1678 1079 1721 =
1128 1641 1224 1723 nihil
1257 1664 1387 1727 tamen
1419 1644 1474 1727 ad
1533 1688 1539 1699 ι

175 1773 329 1880 plenam
380 1774 453 1853 de·
482 1770 560 1853 hoc
610 1770 762 1852 animali
815 1770 1075 1875 cognitionem
1126 1768 1249 1850 dcess'e
1296 1773 1468 1879 adparet.

177 1897 320 1980 Addita
350 1894 601 2005 postmodum
632 1894 812 1977 nonnulla
846 1918 899 1975 ex
948 1894 1115 1978 lectione
1167 1894 1397 2009 Rubraqnistr'
1428 1916 1470 1980 er

176 2048 228 2106 ex
259 2024 442 2107 relatione
475 2020 772 2109 Calmuccorum
809 2023 950 2104 lranssn.
1013 2022 1140 2123 Haec,
1174 2039 1221 2103 rt
1250 2022 1469 2129 descriptio

176 2177 268 2235 nem
300 2172 322 2235 a
354 2148 521 2236 Gmelinn
552 2150 800 2253 confestam,
832 2146 996 2233 mirifice
1014 2149 1195 2232 illustrant
1214 2214 1225 2255 ,
1242 2150 1292 2233 fic
1318 2173 1471 2261 quoque

176 2275 390 2391 Rnbnqnistr'
423 2279 517 2361 fider
548 2274 712 2363 Gnelr'ni
743 2302 861 2385 opera
895 2276 934 2357 in
966 2296 1048 2359 tuto
1079 2276 1135 2359 est
1161 2344 1172 2381 ‚
1201 2278 1350 2363 etiamsi
1383 2280 1475 2388 post.

171 2405 282 2488 illum
316 2432 437 2490 nemo
467 2406 577 2490 huius
608 2408 708 2490 ferae
740 2404 994 2507 memInerit,
1025 2406 1085 2487 cni
1110 2404 1281 2515 ideoque
1296 2397 1472 2514 Zootogt

170 2534 316 2616 nullum
348 2534 472 2619 adhuc
504 2536 634 2619 locum
666 2536 709 2617 in
741 2530 810 2616 suis
839 2531 982 2641 scriptis
1012 2532 1236 2615 tribuerunt.
1301 2528 1473 2617 Genera

169 2660 247 2744 tim
282 2662 324 2742 in
353 2661 430 2745 hoe
466 2660 569 2771 paffu
600 2662 736 2745 saeculi
761 2660 877 2743 nostri
909 2656 1062 2739 felicitas
1079 2660 1381 2765 depraedicanda
1398 2660 1473 2761 est,

167 2812 254 2897 quo
288 2786 407 2895 ptus,
440 2813 556 2893 qnam
596 2788 775 2869 omnibus
803 2803 909 2865 retro
939 2784 1121 2886 saeculis,
1156 2787 1193 2864 in
1224 2785 1473 2870 describendis

167 2914 288 3002 Anae
320 2912 593 2997 remotioribus
621 2911 860 3023 regionibus,
893 2907 1004 2992 multi
1036 2911 1180 3019 egregii
1198 2911 1271 2993 viri
1296 2912 1469 2996 elabora-

168 3061 271 3127 runt.
337 3039 452 3125 Nunc
483 3065 579 3148 qnae
610 3041 678 3123 M.
714 3035 855 3122 Paulus
886 3037 929 3122 V
926 3051 1080 3140 natur,
1114 3061 1209 3145 qnae
1239 3039 1467 3127 [carneade

166 3169 289 3255 Plano
318 3166 540 3274 Carnium,
574 3191 671 3278 quae
701 3163 921 3253 Guilr'rlmus
951 3165 1191 3276 arcanam,
1222 3191 1314 3275 quae
1343 3169 1465 3271 Baro,

164 3321 269 3408 qnae
302 3289 519 3406 Afraniana,
552 3319 647 3404 quae
678 3295 891 3380 Vincentius
924 3291 1187 3404 Bellonacerfir
1203 3357 1217 3400 ,
1232 3319 1327 3402 quae
1346 3294 1470 3381 Haiin

164 3427 390 3530 Armanas,
421 3423 571 3506 saeculis
619 3423 698 3506 istis
748 3421 908 3506 barbaris
957 3441 997 3504 et
1046 3419 1207 3502 inficetis
1255 3428 1469 3510 memoriae

163 3552 428 3656 tradiderunt,
461 3575 541 3632 non
572 3550 736 3660 amplius
766 3547 978 3634 fastidienda
1011 3549 1083 3630 etse
1116 3547 1326 3633 edocemur
1345 3616 1356 3655 ,
1374 3572 1466 3636 cum

162 3682 302 3789 potius
331 3679 478 3762 occasio
508 3675 680 3787 frequens
709 3677 779 3784 fit,
812 3675 965 3758 illorum
1000 3674 1114 3758 relata
1146 3676 1353 3783 iilustrare,
1378 3701 1470 3761 cor·
1595 3680 1599 3687 ’

161 3810 323 3916 rigere5
354 3825 392 3888 et
427 3807 540 3889 nouis
569 3806 805 3916 argumentis
831 3799 1059 3889 confirmata
1091 3802 1218 3889 denuo
1249 3800 1336 3889 orbi
1377 3827 1471 3888 etu-

159 3935 257 4019 dito
287 3932 486 4023 cumbere.

463 4130 467 4140 '
598 4122 717 4214 Ouis
749 4121 1022 4213 laceranda.

319 4319 444 4404 Huius
458 4318 612 4428 quidem
631 4315 806 4400 notiriam
825 4317 966 4400 dudam
997 4317 1140 4403 habent
1157 4312 1347 4403 Hston'ac
1366 4321 1447 4404 ani·-

152 4445 329 4536 matium
347 4446 549 4565 scriptores
568 4497 583 4554 ‚
601 4469 644 4532 at
656 4467 834 4536 mancam
853 4497 872 4557 3
889 4463 927 4528 et
945 4469 998 4533 ex
1014 4467 1125 4562 parte
1145 4447 1314 4532 coitibus
1332 4445 1466 4531 abelis

1361 4596 1458 4657 corr·
