4517 5875
1279 529 1474 646 tall
1642 626 1648 635 .

552 769 556 778 ’
728 811 821 888 eus
869 787 1105 896 emtus,
1166 783 1486 903 tumescente
1538 756 1768 896 exempto,
1815 783 2030 876 numm

577 988 583 998 ·
711 926 894 1032 ‚uocauit
959 921 1206 1026 Iucundum,
1235 919 1267 1022 fi
1299 919 1403 1022 quod
1437 912 1567 1019 aliud,
1602 913 1781 1022 adspectu
1806 917 1943 1000 animal
1959 921 2029 1018 est,

726 1056 830 1164 quod
865 1076 934 1135 noa
964 1047 1073 1158 saepe
1104 1067 1266 1128 numero
1298 1066 1379 1124 non
1415 1039 1540 1124 minus
1578 1041 1745 1148 agilitate
1776 1043 1818 1125 in
1850 1047 2034 1130 cuniculis

724 1177 940 1283 fodiendis,
975 1199 1089 1287 quam
1128 1173 1170 1255 in
1203 1166 1387 1273 saliendo,
1420 1168 1459 1250 in
1491 1168 1686 1276 stuporem
1718 1171 1892 1255 coniecit
1935 1173 2036 1256 For.

728 1311 922 1394 matrimus
952 1301 1155 1414 aliquando
1187 1297 1365 1408 circulum
1388 1293 1426 1375 in
1448 1317 1594 1408 campo
1610 1295 1750 1406 plano,
1767 1299 2036 1408 quinquaginta

727 1453 773 1520 et
808 1433 972 1542 amplius
1004 1429 1244 1534 hominum,
1292 1417 1416 1534 preti'e
1449 1423 1519 1507 ubi
1568 1425 1736 1506 inuicem
1777 1425 2034 1531 adstantium,

729 1558 999 1647 animalculum
1033 1557 1074 1637 iu
1105 1574 1236 1636 centro
1265 1569 1525 1659 reponentes,
1558 1554 1779 1660 quodcum
1812 1551 1899 1662 post
1922 1577 2034 1663 quae·

729 1686 822 1774 dam
856 1679 1062 1767 tentamina
1095 1680 1275 1798 inutiliter
1301 1675 1398 1759 faeta
1419 1691 1435 1782 ,'
1470 1678 1635 1784 effligere
1667 1676 1904 1787 desperaret,
1935 1703 2036 1764 mox

729 1815 779 1900 ad
808 1809 1020 1897 cuniculum
1051 1805 1276 1888 fodiendum
1305 1807 1342 1884 le
1394 1802 1634 1911 adplicauit,
1683 1825 1722 1885 et
1770 1803 1874 1890 breui
1923 1805 2038 1892 valde

733 1940 920 2048 temporis
950 1933 1149 2019 interuallo
1187 1931 1361 2054 laborem
1391 1927 1442 2011 ita
1473 1930 1708 2039 promouit,
1736 1953 1782 2014 tt
1811 1933 1852 2017 in
1893 1951 2037 2018 tetram

730 2066 880 2180 prorsus
919 2065 953 2148 se
992 2059 1242 2163 occultasset,
1274 2054 1397 2138 nifia
1433 2058 1541 2140 nobis
1573 2081 1684 2140 mota
1716 2059 1856 2146 iniecta
1895 2059 2037 2146 fuisset.

733 2189 838 2278 Cum
875 2191 1085 2301 digitorum
1120 2209 1296 2272 numerus
1323 2184 1373 2266 ab
1401 2179 1465 2266 Ill.
1503 2183 1667 2270 Linnaeo
1714 2186 1824 2270 aliter
1859 2243 1872 2294 ,
1923 2214 1969 2274 ac
2014 2213 2039 2274 a

732 2317 932 2424 Gmelino,
975 2316 1172 2420 tradatur,
1215 2337 1295 2396 nou
1345 2309 1480 2401 inutile
1526 2312 1601 2394 etit
1645 2311 1837 2398 obseruate
1872 2378 1884 2417 ,
1935 2314 2039 2425 quod

735 2443 1017 2558 Haffelqutstius
1047 2463 1233 2524 econtra
1265 2435 1432 2523 Gmelino
1470 2437 1656 2540 allentit,
1689 2463 1812 2550 eoque
1846 2442 1936 2558 ipso
1976 2466 2040 2526 ac.

738 2577 976 2656 curationem
1009 2569 1126 2656 nollti
1159 2568 1203 2680 in
1227 2565 1552 2652 'obseruationibus
1588 2563 1766 2652 faciendis
1809 2587 1851 2653 et
1898 2567 2039 2656 descri-

741 2699 872 2788 bendis
901 2696 1123 2782 coufirmat.

959 2947 1224 3038 cuniculus
1262 2950 1512 3069 instgniler
1551 2954 1812 3045 caudatus.

890 3205 1056 3295 Animal
1088 3212 1238 3322 eampis
1267 3208 1611 3320 Mougolenfibua,
1640 3236 1711 3322 qua
1743 3208 1806 3294 sub
1828 3210 2037 3302 Rull‘omtn

741 3328 1011 3422 dominatione
1042 3334 1157 3445 sunt,
1187 3340 1429 3447 proprium,
1459 3338 1563 3447 quod
1602 3338 1731 3422 habitu
1779 3344 1951 3455 corporis
1998 3358 2040 3427 et

740 3465 877 3548 colore
908 3465 1075 3574 pilorum
1108 3464 1285 3573 leponan
1319 3465 1459 3547 exacte
1493 3460 1639 3570 refert,
1670 3466 1785 3549 canda
1819 3484 1967 3552 tanturn
1997 3486 2040 3555 et

743 3591 918 3675 motibus
949 3592 995 3676 ad
1029 3588 1261 3674 Cuniculum
1298 3592 1420 3697 magis
1451 3591 1714 3675 accedentibus
1747 3590 1889 3683 differt.
1954 3598 2041 3683 Hae

574 3708 577 3724 ’
743 3718 986 3803 limilitudine
1018 3718 1159 3801 indudii
1190 3718 1453 3826 Mongolenlea
1491 3718 1717 3802 vocabulum
1754 3720 1863 3805 Tolai
1896 3788 1909 3825 ,
1960 3746 2039 3834 quo

743 3842 918 3959 leporem
974 3845 1170 3952 vulgarem
1211 3842 1450 3954 delignant‚
1494 3842 1585 3941 huic
1634 3870 1783 3955 quitque
1831 3849 2038 3958 adplictut.

744 3970 851 4055 Rutu
882 3990 1008 4053 autem
1039 3970 1191 4055 illatum
1234 3972 1469 4077 regionum,
1497 3972 1543 4053 ad
1560 3971 1815 4056 diuetfitatem
1833 3974 2039 4084 allegatam

745 4094 1011 4207 respicientes,
1045 4098 1317 4208 Mougolicum
1351 4121 1497 4179 nomen
1528 4100 1691 4182 retinete
1715 4102 1893 4204 malunt,
1921 4130 2039 4215 quam

746 4218 853 4304 suum
885 4222 987 4305 dare.
1051 4224 1158 4307 Haec
1176 4244 1321 4307 notare
1352 4222 1508 4307 sufficiat
1526 4249 1539 4332 3
1559 4224 1723 4334 reliqua,
1754 4253 1853 4338 quae
1881 4254 1935 4315 ex
1962 4232 2041 4344 ipsa

734 4346 997 4461 uetcupttore
1014 4350 1222 4465 pateliunt,
1237 4348 1550 4465 strperuacaneum
1567 4351 1667 4437 meet
1681 4352 1758 4441 huc
1773 4356 2040 4444 transscribere.

1924 4476 2040 4636 Isafis
