4517 5875
365 489 869 614 unuiuruiunouru
890 517 1263 650 -nruorrnrrro
1339 540 1431 638 4⁶³

162 743 345 836 Pnrnlinxl
391 747 524 835 Lunae
569 749 879 860 adscribendam,
927 777 1049 869 neque
1100 755 1211 866 igitur
1244 731 1453 866 Punilrxiu

163 878 294 960 Lunae
326 876 611 962 iroriwnrnlem
638 882 760 964 eade
809 884 912 967 caula
962 885 1207 969 minuendam
1255 885 1357 991 eise,
1402 907 1451 969 rt
1610 979 1615 986 ,

159 1005 335 1088 frabuire
366 1031 457 1090 curn
490 1001 616 1089 Coelo
647 1007 891 1091 consentiant.
971 1007 1128 1096 Circum
1164 1013 1269 1097 enim
1300 1011 1380 1115 est,
1420 1011 1449 1098 sr
1488 1093 1493 1100 .

160 1129 369 1216 differentia
403 1132 465 1218 iiln
499 1149 552 1215 ex
583 1157 740 1219 erronea
773 1136 958 1221 Paralirxi
991 1137 1120 1220 ernae
1169 1137 1280 1220 firerit
1329 1161 1448 1246 narn,

163 1259 308 1342 riecelle
339 1258 469 1369 soille,
522 1279 567 1343 rt
596 1259 778 1346 Lntirudo
810 1264 941 1348 Lunae
976 1289 1066 1348 uera
1100 1286 1152 1345 ex
1180 1264 1447 1352 oblertrnrioui-

163 1387 230 1470 bus
261 1387 451 1498 Eclipl'eos
485 1386 625 1471 Solnris
658 1392 763 1474 Anni
799 1413 933 1492 1750.
966 1389 1139 1496 collei‘in,
1185 1391 1214 1474 sr
1254 1397 1452 1504 aequatio·
1502 1462 1505 1467 .

163 1516 274 1598 tribur
307 1516 541 1600 Puruliuxeos
574 1513 784 1603 Hallec‘aur's
816 1517 933 1604 fidere
962 1521 1014 1603 fur
1045 1523 1133 1624 eil,
1185 1517 1447 1609 Latitudinem
1511 1598 1516 1604 .

161 1647 292 1725 Lunae
326 1668 456 1728 rernm
489 1669 540 1727 ex
572 1645 729 1730 Tribulis
756 1647 803 1730 nd
838 1648 931 1731 iiiud
977 1667 1129 1756 ternpus
1179 1640 1447 1758 computatum

162 1770 283 1855 etium
335 1772 598 1882 exsuperaret:
656 1796 745 1856 cunr
780 1793 912 1858 contra
945 1771 1290 1858 nrrtenr·Lurirrrdo
1321 1777 1451 1862 Lunae

160 1921 215 1982 ex
245 1899 376 1984 nostris
396 1893 721 1984 'obstinationibus
755 1899 959 2012 Ecllpseos'
981 1907 1058 1985 An.
1106 1905 1240 2003 17501
1287 1906 1449 1990 dedudin

161 2025 381 2112 Latitudine
413 2027 544 2111 Lunae
574 2028 823 2114 Tabulrri're
858 2053 949 2113 uera
990 2031 1119 2113 minor
1159 2031 1226 2131 su,
1269 2031 1313 2115 'er
1362 2035 1450 2142 qui·

162 2155 256 2238 dem
287 2155 493 2265 qunntitnte
525 2153 610 2238 lctis
637 2156 829 2258 notabili,
878 2157 1022 2239 exinde
1054 2157 1283 2238 concinnere
1316 2160 1450 2266 polsn-

162 2307 283 2390 tnus,
331 2265 484 2367 Locum
535 2279 644 2368 Nudi
698 2281 826 2364 Lunae
866 2304 917 2362 ex
950 2281 1108 2364 Tabulis
1135 2279 1350 2369 Halm'anr'r
1377 2285 1449 2368 do·

162 2411 320 2496 dudum
370 2433 449 2493 uon
499 2408 584 2491 sutis
632 2410 703 2490 esse
755 2426 983 2514 promotum
1004 2435 1030 2518 3·
1069 2407 1109 2490 id
1159 2407 1263 2518 quod
1293 2429 1337 2495 et
1367 2409 1452 2496 uiris

163 2539 372 2649 Ecliplibus
388 2535 588 2620 obscuratis
623 2533 818 2645 probabile
849 2534 1031 2618 redditur.
1094 2527 1281 2622 Ceterum
1320 2558 1449 2623 totum

165 2666 272 2760 irnnc.
282 2683 453 2752 errorem
472 2667 510 2747 iu
526 2661 638 2746 Loro
655 2661 763 2748 Nudi
783 2661 912 2746 Luune
930 2662 1087 2748 obuium
1105 2663 1149 2747 in
1165 2667 1453 2768 aequationibnr

165 2795 277 2881 Loco
307 2793 416 2880 Nodi
448 2791 606 2878 Lnunris
639 2791 771 2876 medio
800 2789 1087 2904 applicandus
1112 2815 1269 2903 qnnrurn
1303 2794 1451 2907 praeci·

167 2951 243 3035 pun
273 2927 312 3009 in
343 2919 506 3033 Syziglis
537 2921 673 3031 exigua
703 2923 846 3026 euadit,
891 2921 1008 3005 lutere
1040 2921 1110 3004 rix
1142 2921 1321 3006 credibile
1361 2923 1449 3033 est3

168 3051 235 3137 urii
282 3076 401 3137 nonae
431 3074 576 3160 eaeque·
602 3050 787 3133 notabiles
815 3047 924 3135 Nudi
952 3049 1192 3157 aecrurtiones
1223 3074 1278 3132 ex
1308 3051 1451 3134 lireo-

166 3183 221 3265 rin
269 3180 420 3285 Lunnri
457 3176 642 3263 omnibns
693 3178 861 3261 numeris
899 3174 1075 3262 nbiolntn
1123 3176 1220 3261 brte
1259 3198 1448 3262 eruantur

149 3305 330 3394 iuterim
363 3326 494 3392 tarueu
524 3305 681 3391 dubium
713 3306 858 3389 nullum
891 3298 968 3389 else
1002 3304 1178 3413 ridetur,
1216 3305 1304 3416 quin
1337 3331 1451 3417 prte-

162 3455 224 3521 rer
273 3435 435 3523 Nodum
484 3452 523 3519 et
570 3435 658 3517 aliie
703 3432 938 3518 Tabularum
985 3428 1196 3517 Lunnrium
1250 3434 1453 3519 elementis

165 3584 274 3649 error
307 3564 347 3646 in
375 3562 593 3648 Latitudine
626 3560 755 3647 Lunae
788 3554 912 3645 ruodo
943 3563 1120 3644 inuentus
1144 3560 1188 3643 fit
1238 3559 1449 3645 ndstriben-

165 3693 262 3777 dus:
313 3716 403 3787 unm
454 3690 636 3774 irrotnrn
668 3712 837 3773 errorem
871 3690 911 3769 in
943 3687 1106 3772 Nodum
1140 3687 1325 3771 coniicere
1356 3690 1451 3772 lice·

165 3839 255 3927 ret,
287 3816 590 3927 Longitrrdinern
627 3814 733 3909 Nudi
767 3828 814 3919 9}
846 3816 942 3899 urin.
976 3818 1092 3924 prim.
1124 3814 1256 3920 augeri
1287 3837 1451 3925 oporte·

163 3968 255 4054 rer,
284 3966 328 4031 rt
351 3946 551 4031 obseruata
579 3938 738 4055 Eclipin
770 3945 1019 4054 expleretur,
1057 3941 1196 4024 seruata
1224 3938 1454 4030 luciinrrio·

164 4098 215 4157 nn
263 4074 422 4161 Orbirne
462 4072 622 4160 Lnnrris
660 4074 707 4156 nd
740 4072 972 4181 Eciipticrru
1007 4069 1056 4154 ab
1087 4064 1246 4155 lialler'u
1276 4067 1448 4156 iirbrlr'ta.

165 4202 417 4290 lilaniieilurn
460 4198 697 4303 etiamen,
745 4205 923 4309 exiguum
955 4220 1157 4304 euntem,
1203 4197 1343 4309 srquis
1373 4198 1450 4283 lbr-

166 4328 268 4421 ttffis
299 4333 341 4421 in
374 4329 628 4467 inclinatione
657 4327 814 4419 Orbitne
847 4324 1009 4421 Luunris
1039 4325 1087 4416 ad
1121 4324 1453 4562 Ediptimneffr,
