4517 5875
708 385 853 514 ’,πο
959 326 1855 530 auruanrrrupuortmrnaut
1994 417 2034 548 j

758 637 830 722 sus'
849 633 972 746 proles
1001 647 1156 720 anatum
1193 629 1410 718 anserumne
1442 648 1604 746 natate3
1664 631 1810 718 adultas
1846 647 1935 722 turn
1982 653 2050 724 an·

762 761 862 846 seres
881 782 955 853 ¹aut
984 781 1112 850 anates
1143 765 1262 874 prolis
1295 761 1550 846 desendendae
1568 812 1572 818 ·
1589 759 1709 848 caussa
1740 759 1921 850 [satidem
1971 785 2051 846 rer·

765 889 822 976 sus
853 915 982 976 natare
1001 925 1027 994 ,·
1064 915 1184 1002 quae,
1213 889 1313 1001 quad
1345 889 1454 976 ltuins
1495 890 1764 1002 persecutionis
1779 893 1925 1000 ‚ignara
1953 892 2052 992 edet,

766 1019 965 1104 continuo·
983 1020 1086 1103 cursu
1120 1022 1273 1129 prolem
1306 1038 1410 1128 petat
1427 1050 1456 1133 ;·-
1471 1045 1600 1128 uuam
1634 1019 1808 1128 primum
1847 1041 1946 1103 uero
1987 1015 2061 1110 suf·¹

768 1147 970 1234 sicientem
985 1169 992 1184 “’
1003 1147 1175 1232 anserum
1206 1163 1410 1234 anatumue
1442 1152 1599 1258 copiam
1628 1147 1664 1230 se
1692 1147 1828 1256 insequi
1857 1146 2060 1255 percipiat,

770 1279 945 1388 protinus
974 1275 1099 1360 uersus
1127 1301 1191 1358 eas
1218 1278 1384 1377 reuerti,
1417 1297 1459 1361 et
1491 1301 1544 1360 eo
1573 1275 1658 1385 ipso
1685 1293 1867 1383 tempore
1905 1273 2058 1382 prolem

554 1425 557 1438 ·
630 1469 634 1476 .
773 1402 931 1510 Isatidia,
963 1405 1060 1486 i'nter
1091 1403 1265 1512 gramina
1296 1421 1385 1488 ante
1417 1403 1699 1504 absconditam,
1740 1402 1864 1484 lacum
1895 1401 2058 1510 ingredi,

771 1533 988 1640 auferasque
1008 1532 1308 1632 circummlurr,
1324 1549 1365 1616 et
1382 1549 1457 1617 una
1471 1555 1562 1615 cnm
1594 1550 1724 1616 matre
1751 1529 1822 1618 sua
1837 1527 2067 1640 quindecim·

774 1681 841 1744 aut
873 1659 1007 1768 ¹viginti
1037 1660 1182 1746 anseres
1209 1660 1378 1744 anatesue
1407 1683 1495 1774 una
1515 1659 1651 1768 praeda
1683 1655 1840 1742 auferte.
1918 1655 2063 1740 Hieme

771 1785 880 1872 Ifirtis
929 1809 1079 1895 praeter
1130 1793 1372 1873 nomimtum
1425 1809 1581 1870 murem
1622 1786 1773 1870 rictum
1795 1785 1923 1870 etiam
1959 1785 2062 1892 capit

774 1939 830 1998 cx
862 1912 1041 2026 Lagopo'
1058 1939 1145 2017 aue,
1174 1919 1250 2023 cui,
1279 1917 1344 2000 uel
1374 1915 1496 2022 uiuae,
1526 1913 1593 1998 vel
1622 1916 1765 1998 retibus
1792 1913 1974 2017 irretitae,
2002 1911 2058 1993 in·

768 2042 961 2158 ‚fidiatut2
1004 2057 1123 2126 etex
1154 2045 1368 2152 leporibus,
1396 2068 1493 2152 quos
1514 2043 1602 2126 ‘stne
1634 2041 1771 2128 multo,
1791 2039 1922 2127 labore
1955 2041 2061 2150 lugu·

774 2167 844 2254 lut.-
907 2168 1090 2280 Denique
1121 2190 1164 2256 et
1193 2172 1284 2276 hoc,
1312 2172 1414 2256 same
1439 2170 1546 2254 'sorte
1580 2191 1773 2278 urgente,
1802 2167 1987 2276 accidit,
2021 2185 2067 2252 tt

776 2297 819 2382 in
851 2297 1036 2407 decipulis
1063 2318 1196 2409 captas
1225 2298 1385 2382 lsatidea
1410 2299 1589 2386 exitnant
1620 2317 1660 2381 et
1695 2303 1897 2384 denotent.

896 2481 1033 2574 Hostes
1083 2477 1190 2572 isatis
1222 2507 1381 2600 propter
1409 2486 1658 2574 calliditatem
1691 2487 1792 2573 stram
1812 2485 1943 2574 ¹habet
1974 2513 2064 2602 pau·

779 2637 860 2700 coa.
925 2615 1148 2701 Infidianttu
1179 2640 1306 2702 tamen
1339 2602 1431 2701 ei'e
1463 2619 1759 2730 quadrupedibus
1776 2614 1907 2724 culo,
1939 2643 1965 2716 e
1994 2642 2067 2702 uo-

779 2741 939 2827 lneribus
978 2745 1103 2832 Alucn
1143 2747 1281 2830 maior.
1361 2741 1438 2830 Sed
1468 2769 1557 2830 tato
1584 2747 1715 2832 uiuam
1747 2749 1956 2858 occidunt,
2004 2769 2066 2831 ca·

780 2872 892 2982 piunt
921 2896 1019 2957 uero
1050 2867 1190 2956 multas
1222 2896 1424 2981 mortuas,
1454 2897 1594 2987 quase
1626 2875 1822 2989 deciptdis,
1858 2901 1879 2961 a
1910 2895 2066 2961 uenato-
2213 2932 2215 2947 r

780 3002 889 3099 tibus!
919 3000 1149 3106 exstrueus,
1177 3020 1263 3085 ante
1299 3005 1504 3118 aduentum
1536 3023 1782 3108 renatorum,
1816 3006 1998 3090 eximunt
2026 3024 2069 3091 et

780 3126 1020 3213 consumunt.
1086 3126 1199 3211 Idem
1245 3144 1287 3214 et
1310 3125 1314 3133 ’
1334 3114 1468 3216 cor'uns
1499 3130 1611 3240 facit,
1644 3134 1686 3245 iis
1718 3122 1863 3245 nempe
1895 3134 1933 3217 in
1966 3133 2067 3241 locis,

778 3253 848 3338 ubi
883 3258 1006 3360 syluae
1052 3256 1092 3340 in
1124 3257 1265 3341 uicinia
1296 3258 1408 3363 sunt,
1456 3283 1549 3343 nam
1583 3250 1788 3375 adipsum
1823 3262 1924 3347 littus
1956 3264 2074 3349 matis

781 3380 948 3491 glacialis
979 3386 1085 3466 corni
1115 3406 1195 3467 non
1226 3384 1424 3470 habentur.

977 3568 1083 3655 Isacia
1126 3596 1214 3659 tarn
1245 3578 1432 3686 integrum
1472 3573 1612 3667 annum
1636 3582 1684 3667 »in
1711 3580 1855 3667 eodem·
1878 3577 1973 3665 loco
2003 3579 2080 3665 de·

782 3702 854 3813 git,
887 3701 1000 3812 idque
1033 3698 1156 3787 ricius
1185 3701 1286 3788 sorta
1315 3707 1416 3789 tatio
1443 3708 1576 3817 exigit.
1637 3705 1837 3797 Constant
1853 3711 1964 3793 enirn
2002 3732 2081 3793 ue·
2216 3715 2217 3786 l

699 3854 702 3867 ·
784 3850 967 3915 natorum
999 3828 1148 3915 assertio
1178 3832 1259 3939 eli,
1289 3836 1442 3942 quando
1462 3860 1591 3943 mus,
1640 3840 1690 3925 de
1721 3830 1952 3951 quosnpri,
1991 3835 2086 3922 sie·

783 3984 901 4069 quent
930 3958 1005 4059 fit,
1039 3954 1255 4069 frequentes
1283 3966 1402 4048 etiam
1435 3965 1506 4047 esse
1535 3963 1706 4067 latinu,
1737 3968 1826 4079 quin
1856 3967 2083 4052 aduentum

785 4081 1155 4195 murium41satides
1185 4090 1294 4173 breui
1325 4093 1556 4203 aduentuma,
1587 4100 1871 4205 praenunciare.
1937 4093 2091 4202 Igitur,

785 4218 939 4325 qnando
970 4236 1056 4299 mua
1087 4216 1292 4329 regionem
1340 4207 1534 4334 quandam
1564 4222 1725 4336 deserit,
1772 4222 1903 4340 [satia
1927 4224 2096 4339 paritet

1981 4373 2089 4439 eam
