4517 5875
324 479 847 620 aemulationum
877 431 1279 616 mmmmm·
1356 505 1452 593 na

158 720 336 812 bunaria
355 721 365 740 ’
383 721 663 810 obseruationes
710 719 900 831 inliguiter
951 717 1004 806 ab
1052 721 1220 810 inuicem
1271 718 1456 810 diffenrt.

175 853 287 938 Hisce
315 855 508 940 rationum
541 852 753 938 momentis
781 848 1015 949 adducuntur
1044 851 1270 939 Allronomi
1326 871 1458 934 recen-

173 980 304 1088 tiores,
337 999 384 1065 ut
414 979 607 1068 Solaribru
636 977 877 1090 Eelipdbus,
907 1001 1066 1089 quarum
1100 982 1255 1064 initium
1305 997 1347 1063 et
1372 975 1462 1062 finis
1616 1007 1621 1014 ·

175 1127 400 1220 ceteraeque
448 1109 581 1221 phales
629 1125 670 1190 et
718 1122 922 1193 momenta
971 1106 1245 1194 accuratissume
1274 1103 1461 1192 obstruari

147 1236 354 1355 ¹poliunt,
404 1239 609 1348 praecipue
641 1233 670 1319 sr
699 1231 830 1348 relit‘ta
871 1234 992 1316 ueteri
1043 1233 1212 1346 Etlipler
1241 1229 1390 1320 solare
1420 1235 1461 1318 iu

175 1365 344 1481 imagine
371 1361 472 1450 Solis
510 1389 581 1478 per
610 1360 882 1472 Telelcopium
922 1361 1137 1451 intromiffa
1167 1382 1207 1447 et
1236 1363 1277 1448 io
1306 1359 1488 1486 aduersa

174 1493 299 1578 tabula
328 1514 487 1608 recepta
519 1490 740 1592 obseruandi
774 1488 976 1600 methodo,
1005 1490 1077 1580 Sol
1106 1491 1252 1578 directe
1281 1513 1352 1608 per
1378 1491 1418 1574 T
1418 1511 1463 1572 e·

91 1669 102 1674 -
175 1621 387 1733 lescopium
423 1624 692 1712 Mitrometro
723 1619 915 1706 munitum
949 1621 1094 1734 riteque
1121 1617 1348 1720 adornatum
1389 1619 1466 1707 ob·

175 1747 369 1861 seruatur,
398 1755 444 1842 ad
486 1751 688 1840 Elementa
732 1743 963 1834 Tabularum
997 1748 1211 1839 bunarium
1246 1747 1465 1841 unbiuenaa

175 1879 345 1990 plurima
377 1875 586 1968 lelicilsrtno
618 1893 770 1965 utantur
800 1901 888 1960 cum
920 1876 1092 1968 succellu·

268 2009 333 2094 Ad
360 2007 595 2093 Tabularum
613 2031 758 2092 errores
776 2003 1046 2115 Longitudinis
1077 2025 1117 2096 et
1148 2003 1371 2094 latitudinis
1386 2001 1465 2095 Lu.

151 2129 254 2220 'nae
284 2135 526 2222 definiendus
558 2156 741 2226 accurata
763 2132 865 2217 initii
897 2152 937 2214 et
969 2131 1056 2216 finit
1086 2129 1283 2253 Eclipseos
1322 2129 1468 2226 Solaria

151 2257 395 2352 'obsecratio
427 2263 633 2376 praecipue
667 2260 894 2373 requiritur,
922 2259 1176 2354 determinata
1226 2259 1344 2351 etiam
1395 2285 1468 2376 per

153 2390 481 2478 'obseruationem
510 2387 720 2474 Diametro
750 2385 882 2471 Lunae
914 2406 1153 2507 apparente5
1188 2379 1334 2480 caetera
1357 2387 1465 2478 enim

172 2517 362 2603 elementa
408 2515 541 2626 quibus
588 2514 759 2598 innititur
807 2509 969 2602 istomm
1014 2511 1190 2606 eliorum
1231 2513 1404 2634 cuculus,
1441 2538 1466 2604 a

174 2645 332 2730 Tabulis
362 2641 626 2732 astronomicis
661 2639 883 2740 mutuanda,
928 2663 1008 2731 nou
1039 2643 1136 2734 aden
1165 2644 1340 2736 aberrare
1373 2641 1467 2763 pos.

175 2773 271 2880 lunt,
305 2789 351 2858 rt
381 2769 638 2858 conclufiones
669 2771 880 2856 admodum
900 2772 1472 2865 connumerabuntur.
1584 2773 1589 2780 '

172 2899 253 2988 Ex.
287 2925 348 3013 gr.
381 2897 557 3011 paruulus
604 2921 713 2982 error
756 2894 989 2987 Paralluxeos
1038 2898 1168 2997 Lunae
1216 2898 1469 2997 horizontalia

171 3031 303 3141 primo
335 3051 391 3111 ex
423 3026 580 3112 Tabulis
611 3026 861 3111 desumendae
893 3026 1035 3113 nullum
1065 3054 1238 3121 errorem
1255 3019 1464 3122 scnfibilern

174 3156 287 3242 Loco
317 3155 447 3241 Lunae
481 3156 681 3265 apparenti
727 3178 778 3239 ex
810 3150 1014 3244 obfirmatis
1064 3152 1282 3251 definiendo
1331 3157 1466 3251 afferto

175 3284 280 3371 valet
317 3311 331 3395 ς
410 3282 595 3393 fiquidem
656 3282 697 3365 io
762 3283 886 3367 hocce
945 3284 1091 3375 calculo
1147 3310 1229 3405 non
1286 3286 1336 3379 de
1393 3286 1468 3377 Pa·

175 3414 312 3498 rallaxi
359 3411 569 3518 absoluta,
630 3408 691 3495 sed
716 3516 722 3525 .
743 3411 791 3496 de
840 3408 1052 3501 differentia
1103 3424 1254 3505 tantum
1307 3412 1467 3507 Portu·
1538 3521 1547 3534 Ι
1726 3516 1733 3523 .

153 3536 285 3631 'xium
341 3526 410 3640 iu]
436 3538 737 3646 Longitudincm
790 3558 832 3623 et
890 3535 1151 3631 Latitudinem
1211 3541 1259 3633 ad
1311 3538 1467 3630 initium

173 3688 214 3754 et
247 3668 368 3754 finem
401 3668 596 3777 Eclipseos
649 3676 787 3777 agitur.
876 3664 1016 3755 Postea
1070 3692 1207 3773 veto,
1256 3668 1325 3757 rbi
1376 3694 1466 3758 uera
1645 3690 1649 3701 '

172 3816 212 3881 et
243 3795 468 3905 Longitudo
517 3813 556 3877 et
590 3792 769 3879 latitudo
816 3792 947 3879 Lunae
991 3794 1254 3913 inuestigamr‚
1286 3821 1393 3887 error
1425 3796 1467 3884 iu

173 3924 359 4011 Pamllaxi
386 3921 519 4008 Lunae
546 3920 774 4009 horinonnlr·
804 3918 995 4012 adrnitlns-
1017 3942 1150 4015 notatu
1190 3926 1343 4041 dignior
1379 3950 1469 4014 eua-

173 4056 263 4160 dit,¹
315 4052 513 4162 praecipue
560 4052 602 4135 in
647 4050 873 4165 supputanda
917 4048 1175 4168 Longitudiue
1207 4077 1301 4149 uera
1331 4052 1468 4151 Lunae

171 4184 292 4291 longe
322 4204 345 4263 a
378 4178 644 4290 Nonagesrmo
665 4202 670 4215 ·
690 4179 903 4295 Ecupricae·
932 4179 1049 4291 gradu
1100 4179 1297 4291 distantis,
1346 4203 1387 4268 et
1427 4189 1468 4270 iu

167 4308 394 4415 definienda
424 4306 642 4415 latitudine
691 4332 782 4403 veta
817 4306 947 4403 Lunae
996 4306 1063 4411 ubi
1095 4308 1256 4407 altitudo
1287 4310 1473 4424 Nonage«

153 4536 158 4549 ,
239 4434 676 4528 Tom.V.Nou.Com.
986 4434 1069 4529 Iii
1382 4438 1470 4529 fimi
