4517 5875
800 463 892 598 με
993 462 1400 571 AntMAanM
1438 465 1892 602 QuonVMnAM

798 715 924 800 donec
953 709 1102 796 hostem
1134 707 1242 794 sunm
1281 708 1361 791 vita
1403 702 1625 816 'ptinanerin
1703 701 1797 786 lmo
1836 700 2083 790 traditionem

798 844 869 928 elle
909 838 1134 925 Calmuccus
1183 836 1394 948 perhibet,
1443 835 1480 917 id
1533 835 1650 914 boum
1701 825 1819 938 genus
1866 857 1947 914 non
1975 835 2088 918 'raro

798 993 1026 1055 venatorem
1062 977 1249 1050 cornubus
1281 982 1360 1046 erm
1388 963 1452 1046 diu
1483 963 1694 1068 suspensum
1745 978 1912 1066 tenere,
1961 963 2085 1045 donec

798 1099 840 1182 in
872 1100 958 1210 lpsn
991 1097 1179 1180 cornubus
1209 1089 1409 1196 exarescat,
1443 1109 1481 1173 ct
1509 1108 1687 1196 tanquam
1741 1089 1860 1205 puluis
1907 1115 1930 1172 a
1966 1113 2087 1173 vento

720 1233 725 1246 ’
797 1225 996 1334 diffletur,
1049 1223 1149 1336 qnod
1198 1245 1298 1306 vero
1347 1217 1559 1326 duriose,
1607 1233 1800 1324 tamqnam
1850 1240 1936 1298 rem
1973 1239 2087 1302 extra

721 1357 730 1366 “
798 1380 958 1444 omnem
980 1348 1222 1436 dubitationis
1238 1350 1362 1432 aleam
1384 1346 1564 1455 posnam,
1582 1342 1770 1425 allaterat.
1807 1344 1896 1426 Hoc
1911 1342 2086 1450 sylvestre

801 1483 921 1569 bourn
941 1503 1057 1594 genus
1074 1473 1290 1560 Calmnccis
1306 1498 1384 1556 non
1402 1473 1619 1580 indigenum
1638 1470 1703 1575 ell,
1726 1473 1785 1554 led
1806 1475 1931 1580 potins
1964 1497 2085 1583 reguo

798 1609 968 1720 Tangttt,
985 1607 1059 1692 fine
1077 1605 1214 1710 Tibet,
1245 1601 1459 1714 proprium,
1478 1601 1516 1680 in
1533 1599 1636 1682 cuins
1657 1600 1839 1682 montosis
1856 1603 1902 1683 ad
1921 1599 2083 1684 fluuium

799 1739 944 1824 ‘sulum
977 1731 1125 1838 choto,
1158 1758 1180 1817 a
1210 1731 1392 1816 limitibus
1425 1730 1532 1836 regni
1566 1723 1852 1834 Koron-Karia,
1888 1723 2084 1812 Bucharo-

799 1891 885 1950 rnm
933 1863 1041 1969 sedis,
1071 1863 1236 1946 duorum
1269 1859 1417 1942 dierum
1451 1857 1574 1965 spatio
1603 1855 1799 1960 distantis,
1832 1851 1984 1964 copiose
2014 1879 2084 1941 oc·

796 1995 924 2078 currit.
989 1987 1057 2103 'lta
1109 2011 1177 2072 me
1227 1981 1439 2089 Coactus,
1485 1983 1585 2068 olim
1624 1985 1724 2093 apud
1773 1976 2003 2068 Calmuccos
2045 1985 2083 2067 in

797 2121 1016 2230 captiuitate
1063 2117 1269 2222 detentus,
1315 2111 1520 2199 Kusneziae
1568 2113 1649 2196 iam
1682 2100 1832 2220 degens,
1877 2113 2079 2196 certiorem

797 2248 972 2334 reddidit.
1088 2243 1295 2328 Existimat
1349 2259 1476 2325 antem
1517 2237 1584 2322 ille
1625 2236 1784 2346 homo,
1833 2241 1907 2326 elle
1953 2237 2084 2326 Satluk

799 2371 1098 2460 Calrnuccorum
1156 2368 1280 2453 ferum
1344 2367 1490 2450 bouem
1554 2367 1854 2474 Tangntornm,
1919 2369 2080 2468 cicnrcnt

798 2501 964 2604 netum
994 2497 1111 2608 quod·
1126 2495 1294 2584 veritatis
1324 2495 1511 2604 quandam
1525 2499 1529 2504 ’
1543 2493 1709 2604 spoeicrn
1739 2497 1877 2580 habere
1911 2497 2082 2610 videtum

800 2629 983 2738 fiquidern
1013 2624 1232 2737 Trnguticn
1262 2623 1353 2710 boui
1385 2624 1675 2716 nominatorum
1708 2626 1960 2732 Andlornm,
1995 2651 2083 2708 curn

799 2753 937 2848 Satlulc
996 2749 1335 2856 Calmuccornm,
1395 2749 1455 2834 ati
1506 2752 1584 2834 iarn
1635 2756 1842 2860 annotini,
1892 2754 2084 2837 conuenit.

800 2886 886 3001 Qua
922 2884 1088 2997 ‚ratione
1129 2880 1271 2964 hortor
1302 2903 1335 2962 a·
1358 2875 1472 2961 rubro
1501 2880 1629 2961 colore
1664 2882 1704 2963 in
1737 2882 1957 2991 langutico
1987 2885 2084 2969 bone

776 3011 985 3123 ¹explicari
1018 3007 1141 3121 posfit,
1168 3007 1353 3118 equidem
1385 3008 1467 3089 satis
1498 3006 1672 3118 haereo·;
1714 3010 1773 3095 Ea
1806 3014 1912 3095 enim
1943 3009 2084 3095 feritate

800 3142 989 3256 praeditus
1036 3138 1090 3221 est
1138 3134 1366 3247 Tangarticus
1411 3136 1506 3217 nus
1557 3136 1624 3220 bos
1643 3195 1671 3236 „
1712 3159 1756 3221 vt
1803 3164 1883 3221 non
1932 3135 2080 3224 tantum

752 3362 754 3367 ,
799 3296 835 3353 ιι
856 3268 969 3353 rubro
999 3265 1150 3369 colore,
1187 3262 1249 3345 sed
1281 3288 1303 3345 a
1336 3287 1555 3373 quacunque
1588 3267 1733 3351 aliare
1765 3265 1883 3349 senfin
1912 3267 1995 3352 sttos
2026 3263 2082 3350 tel

798 3398 1003 3487 minimum
1037 3390 1238 3493 afficiente,
1281 3391 1320 3473 io
1353 3390 1496 3475 rabiem
1529 3413 1673 3502 agatur.
1737 3392 1958 3480 Mansuetus
1989 3418 2085 3479 veto

799 3547 871 3609 nec
900 3524 1055 3605 rubrum
1093 3517 1281 3621 colorem,
1316 3542 1389 3601 nec
1420 3519 1487 3601 alia
1521 3524 1672 3604 metuit.
1738 3520 1868 3631 Magis
1898 3528 2083 3631 paradoxa

800 3644 1036 3735 elltraditio
1065 3648 1111 3731 de
1143 3645 1351 3749 cantilena,
1381 3646 1678 3733 durantecoitn
1709 3669 1750 3732 et
1782 3651 1943 3758 moldo,
1962 3650 2087 3736 neces·

798 3778 920 3893 sarria„
968 3774 1142 3863 Difficile
1181 3773 1236 3856 est
1267 3772 1414 3857 causam
1448 3773 1609 3863 fallaciae
1654 3780 1693 3862 in
1741 3777 1928 3863 eiusmodi
1981 3781 2086 3865 rebn

799 3906 978 3993 inuenire.
1071 3904 1189 3989 Forte
1236 3901 1426 3986 Audores
1472 3904 1532 3989 illi
1582 3902 1729 4015 linguae
1762 3906 1886 4011 illine,
1938 3908 1980 3990 in
2020 3930 2088 4016 qna

800 4056 977 4147 portenta
1012 4033 1060 4115 de
1093 4032 1170 4115 hoc
1203 4032 1322 4128 bourn
1340 4054 1497 4140 xgenere
1537 4032 1605 4118 fibi
1635 4034 1823 4143 explicata
1849 4036 1961 4143 sunt,
2010 4060 2084 4117 uon

799 4164 884 4247 satis
918 4162 1032 4274 periti
1065 4160 1239 4260 suerunt,
1292 4160 1395 4243 cuius
1440 4160 1506 4243 vel
1556 4159 1631 4258 hoc
1654 4162 1907 4272 suspicionem
1946 4182 2091 4266 monet,

800 4292 902 4403 qnod
955 4312 1046 4376 nnus
1076 4288 1234 4392 durante
1263 4286 1424 4398 mulctu,
1464 4290 1559 4375 alter
1579 4290 1739 4407 durante
1772 4292 1898 4404 coitu,
1930 4290 2092 4377 cantile-

1997 4432 2084 4506 mm
