4517 5875
807 473 899 557 aaa
995 445 1248 540 tritanu
1273 441 1547 536 SlulchiS
1581 435 1893 539 neutericis

802 683 863 768 cui
896 682 1062 768 multtun
1092 678 1208 764 debet
1235 677 1382 764 scientia
1414 677 1664 788 plantarum,
1693 703 1811 788 quam
1846 675 1989 790 scriptis
2019 679 2085 768 suis

801 814 955 923 egregie
979 853 983 862 ·
1005 809 1227 914 illustrauit,
1278 804 1440 891 loannes
1474 809 1619 913 Rarius,
1667 813 1731 917 qui
1778 829 1893 916 aeque
1923 836 1969 893 ac
2001 813 2084 896 reli·

802 943 900 1052 qui,
951 964 1046 1051 quos
1096 935 1280 1020 basianus
1325 934 1554 1018 adduximus
1591 933 1791 1040 auctores,
1843 935 1883 1019 in
1933 937 2085 1024 hillotia

800 1070 1017 1180 plantarum
1060 1066 1184 1150 Tom.
1219 1063 1253 1147 l.
1286 1090 1329 1174 p.
1366 1070 1473 1169 833.
1503 1088 1543 1144 n.
1579 1087 1650 1167 14.
1694 1065 1904 1172 plantulam
1946 1065 2086 1177 saepire

799 1198 1072 1304 nominatam,
1118 1189 1234 1302 casp.
1266 1189 1432 1276 Baubini
1472 1192 1785 1278 denominatione
1815 1194 2000 1294 adducit,
2049 1199 2086 1280 in

726 1369 728 1372 ·
800 1324 943 1434 Anglia
991 1345 1144 1435 quoque
1195 1326 1329 1428 sponte
1355 1322 1607 1425 nascentem,
1659 1337 1699 1402 et
1736 1319 1875 1403 exacta
1905 1321 2085 1408 omnium

797 1455 967 1562 partium
1015 1449 1270 1558 descriptione
1293 1445 1477 1556 exponit.
1542 1441 1646 1530 Cum
1680 1471 1775 1532 vero
1804 1448 1962 1560 Tblnspi
1994 1451 2083 1540 illud
2143 1463 2149 1470 ’

796 1581 838 1664 in
872 1574 996 1666 Gallia
1026 1598 1066 1662 et
1097 1561 1206 1661 ltalia
1256 1599 1402 1686 quoque
1452 1575 1568 1658 ratiis
1615 1574 1653 1656 in
1701 1579 1898 1661 montibus
1935 1578 2082 1689 crescat,

798 1704 878 1792 fieri
912 1706 1018 1790 aliter
1052 1731 1133 1790 non
1165 1705 1314 1816 potuit,
1345 1727 1462 1814 quam
1497 1723 1543 1787 rt
1572 1697 1752 1786 Botanici
1771 1743 1790 1810 ,·
1824 1706 1891 1818 qui
1918 1706 2084 1817 college·

796 1852 891 1919 runt
938 1831 1081 1918 horum
1133 1851 1343 1941 regnorum
1378 1831 1521 1942 plantas
1553 1831 1774 1942 indigenas,
1804 1831 1904 1917 illius
1935 1861 2083 1946 quoque

798 1963 1043 2048 mentionem
1061 1963 1277 2064 inficerent,
1308 1980 1467 2044 etcum
1498 1957 1578 2040 aliis
1609 1959 1801 2068 speciebus
1825 1961 1942 2047 ‘huitn
1969 1988 2080 2074 gene·

669 2119 672 2126 ’
794 2091 844 2174 ris
874 2113 1155 2174 enumerarem.
1220 2085 1284 2172 Sic
1331 2086 1440 2170 enim
1493 2082 1652 2169 Iacobus
1681 2084 1864 2174 Barrelier
1894 2092 1935 2175 in
1965 2117 2079 2199 opere

794 2216 1033 2330 posthumo,
1091 2218 1197 2328 quod
1249 2216 1484 2300 inscribitur:
1535 2213 1685 2297 Plantae
1737 2241 1809 2325 per
1856 2219 2077 2332 Hispaniam

793 2345 945 2454 Italiam
977 2365 1018 2430 et
1049 2337 1217 2429 Galliam
1248 2345 1465 2428 obseruatae
1497 2341 1642 2426 Parisiis
1679 2361 1808 2451 1714.
1844 2344 1914 2431 sol.
1942 2377 1970 2463 p
2020 2361 2074 2450 38

793 2495 834 2558 n.
858 2477 964 2572 362.
998 2474 1047 2558 ic.
1086 2485 1189 2580 845:
1221 2473 1383 2582 Thlalpi
1404 2490 1651 2590 ¹montanum
1685 2475 1818 2584 pingui
1850 2475 1968 2583 solio,
1998 2504 2076 2563 car.

793 2625 872 2686 neo
896 2601 1029 2712 lione,
1060 2601 1173 2713 plana
1206 2620 1247 2685 et
1278 2600 1432 2685 cordata
1465 2597 1591 2711 siliqua
1619 2600 1711 2685 illud
1745 2623 1874 2688 uocat.
1940 2603 2076 2693 Crescit

792 2754 912 2835 uero,
948 2750 1067 2842 prout
1096 2726 1248 2820 scribit,
1296 2733 1395 2813 circa
1447 2722 1729 2838 Monspelium.
1764 2735 2006 2845 ·Adp0litn'
2027 2735 2075 2822 cll

701 2964 707 2975 ι
791 2859 948 2945 nomini
980 2860 1070 2943 icon
1104 2859 1317 2943 admodum
1352 2879 1482 2967 parua,
1513 2879 1610 2967 quae
1650 2857 1872 2971 neutiquam
1907 2862 2072 2973 plantant

791 2986 937 3097 saepius
982 3006 1241 3073 memoratam
1274 2984 1567 3095 repraesentat,
1598 3010 1689 3069 cum
1720 2987 1830 3097 ipsius
1860 2991 1982 3076 caules
2009 3016 2072 3078 nu-

794 3114 932 3201 merosi
962 3116 1034 3201 sint
1064 3113 1222 3227 spicati,
1271 3114 1430 3197 floribus
1457 3112 1656 3223 oppositis,
1688 3132 1730 3197 et
1759 3116 1898 3229 siliqua,
1927 3118 2072 3231 separa·

790 3242 865 3328 tim
899 3242 1064 3356 adpicta,
1097 3243 1252 3327 litoris
1282 3241 1468 3352 integris,
1520 3244 1559 3323 iu
1592 3248 1745 3324 summo
1773 3249 2008 3357 emarginata
2034 3267 2072 3334 et

787 3370 911 3455 serme
958 3371 1208 3478 triangularis.
1270 3368 1396 3454 Plures
1423 3367 1602 3479 equidem
1634 3368 1796 3481 ‘l'hlaspi
1836 3376 1978 3487 species
2009 3375 2075 3463 ha·

608 3538 613 3549 ·
791 3498 927 3581 bentut
959 3500 999 3582 in
1028 3496 1099 3581 illo
1130 3497 1259 3600 libro,
1308 3486 1442 3580 etiam*
1462 3496 1721 3605 umbellntae,
1768 3521 1809 3584 et
1836 3529 1933 3615 quae
1975 3524 2072 3589 terte

791 3626 952 3737 propius
999 3624 1182 3709 accedunt
1210 3630 1259 3709 ad
1292 3626 1459 3713 nolltam
1510 3624 1693 3733 speciem:
1727 3625 1791 3711 sed
1819 3630 2071 3738 synonymum

790 3748 841 3837 C.
869 3750 1030 3836 Brattlrini
1062 3753 1277 3864 allegatum,
1308 3773 1346 3838 et
1376 3752 1555 3837 structum
1585 3748 1805 3862 foliorum,
1853 3784 1949 3869 quae
1984 3784 2071 3845 tutu

789 3882 913 3966 nolim
942 3883 1151 3984 conuenit,
1196 3907 1274 3964 non
1305 3882 1497 3991 permittit
1527 3904 1599 3963 nos
1627 3881 1828 3994 dubitate,
1878 3886 2072 3973 auctorem

786 4006 1043 4114 formalium,
1072 4033 1118 4091 ac
1148 4012 1345 4111 nostram,
1377 4032 1470 4121 prae
1499 4010 1674 4092 manibus
1701 4008 1868 4098 habuisse
1898 4014 2072 4125 speciem,

786 4138 987 4255 adquam
1033 4134 1134 4224 neta
1179 4139 1228 4229 lit
1273 4140 1355 4228 eius
1393 4136 1527 4253 sigum.
1588 4132 1877 4231 Celeberrimos
1905 4143 2003 4231 Tilli
2029 4144 2074 4228 in

1974 4286 2090 4359 m.
