4517 5875
294 529 823 660 pvrunurnursrr
852 529 1284 626 nunculium·
1313 473 1330 574 ’·
1350 557 1443 644 359
1525 495 1533 633 J

150 765 314 875 spolium,
346 790 428 848 mus
459 787 499 850 er
532 765 739 872 fremellu,
778 789 801 848 e
833 758 1146 874 Schigrnenfibus
1198 763 1444 852 hibernaculis

150 897 195 977 nd
247 921 309 976 me
341 895 596 1004 adferrentur,
646 895 830 1008 equibus
865 896 1027 1006 demque
1057 897 1210 1008 sequeus
1239 898 1442 1010 descriptio
1489 972 1492 976 .
1557 901 1562 909 '

149 1045 255 1106 enata
287 1022 355 1106 eli.

293 1212 400 1300 Isaris
429 1214 573 1301 animal
602 1216 687 1323 est,
716 1216 855 1300 crudae
888 1210 1139 1332 prolixitate,
1179 1217 1328 1326 eiusque
1360 1216 1452 1302 lou·

149 1342 349 1452 gitudine,
401 1347 663 1450 magnitudine
711 1348 907 1456 corporis,
938 1344 1157 1453 reliquoque
1187 1345 1270 1430 eius
1301 1345 1447 1453 babitu,

149 1472 254 1579 vulpi
286 1470 490 1581 persimile,
520 1471 631 1580 ¹fitcie
661 1481 781 1582 magis
812 1477 1107 1580 ennumquam
1145 1474 1309 1584 vulpina,
1348 1473 1450 1583 pilis,

149 1601 263 1682 acin
300 1597 445 1708 vulpe,
497 1604 769 1712 mollioribus,
818 1603 954 1686 coloris
985 1600 1211 1713 plerunque
1264 1601 1447 1711 candidi,

148 1727 343 1814 interdum
377 1747 419 1809 et
456 1726 612 1840 cinerei.

208 1917 478 2006 Dimenfiones
510 1922 816 2024 indiuiduomm,·
840 1944 935 2032 quae
968 1947 1061 2032 prae
1095 1919 1267 2005 munibus
1285 1941 1417 2011 erant:

958 2055 997 2133 In
1014 2059 1150 2131 Masculo
1165 2056 1200 2130 ln
1213 2057 1375 2134 Foemella

990 2155 1064 2232 Por.
1081 2155 1147 2231 Par.
1198 2155 1362 2233 Polll'ar.

146 2269 219 2354 Ab
237 2288 416 2354 extremo
434 2266 555 2353 rostro
571 2269 618 2354 ad
637 2269 790 2356 initium
807 2263 946 2350 caudae
964 2309 992 2326 -
1031 2277 1126 2366 παῖ’,
1181 2311 1209 2329 -
1260 2293 1319 2348 22

145 2394 302 2479 Caudae
334 2398 537 2507 longitudo
626 2435 671 2452 ···
761 2432 806 2451 ν
895 2430 938 2446 -
1035 2405 1130 2492 παῖ,
1182 2435 1213 2456 ·-
1265 2417 1319 2476 ιι

143 2526 218 2612 Ab
250 2547 433 2607 extremo
466 2521 594 2624 rostro,
617 2522 665 2604 ad
716 2514 894 2602 medium
941 2516 1038 2604 inter

274 2654 408 2738 oculos
436 2647 601 2758 spurium
660 2689 705 2705 -
785 2655 829 2704 -ὲ
908 2685 955 2702 -
1044 2639 1109 2750 εξ,
1192 2697 1223 2717 ..

142 2816 294 2906 luterni
309 2823 515 2908 oculorum
534 2820 664 2908 canthi
681 2826 782 2907 inter
796 2815 834 2901 se
854 2813 1025 2904 distant·
1048 2836 1110 2924 ug,
1190 2873 1218 2892 .

144 2999 219 3085 Ab
248 3016 411 3081 externo
444 2990 544 3075 oculi
576 2990 718 3074 cantho
748 2994 798 3079 ud
829 3021 917 3082 earn
943 3002 1046 3085 auris

275 3146 449 3235 partem,
482 3143 580 3221 quae
612 3121 802 3229 proxima
829 3123 884 3209 est
945 3171 990 3187 -
1055 3134 1119 3223 αξ,
1195 3172 1227 3192 -

145 3252 280 3342 Aures
312 3254 449 3361 longae
575 3288 619 3307 -
740 3288 786 3309 ·-
908 3295 951 3316 .-
1049 3276 1087 3334 ,2
1189 3294 1217 3316 .

144 3385 285 3469 Aures
315 3380 362 3463 ad
395 3368 562 3460 radicem
597 3379 694 3462 latae
782 3417 827 3439 -
919 3427 962 3443 -
1061 3390 1123 3481 uf,
1190 3427 1220 3445 .

146 3498 286 3597 Aures
315 3533 337 3589 a
368 3510 401 3588 se
432 3505 603 3589 inuicem
634 3506 772 3591 dillant
835 3548 903 3577 -.
942 3553 986 3569 -
1057 3518 1104 3609 αξ
1185 3510 1215 3578 ..“

146 3638 356 3727 Humerus
388 3633 525 3741 longus
590 3679 629 3699 -
699 3674 742 3692 -
824 3679 868 3698 -
949 3682 992 3703 ..
1056 3648 1105 3743 4}
1187 3682 1216 3701 ..
1284 3662 1310 3739 3

146 3764 409 3871 Ulnalongu
505 3801 549 3819 -
641 3804 686 3825 ·-
780 3804 822 3824 ··
916 3807 961 3825 -
1058 3775 1218 3867 43⁴.

145 3890 310 4003 Curpus
340 3912 381 3973 et
413 3907 654 4001 metacarpus
692 3912 770 3979 una
821 3919 911 3979 cum
960 3892 1058 4009 digi.

277 4021 329 4101 tlS
423 4058 990 4083 -----
1058 4012 1106 4127 32

142 4149 319 4261 Ungues
367 4168 526 4257 quatuor
574 4149 807 4233 anteriorum
843 4152 1056 4265 digitomm

279 4274 390 4385 longi
496 4316 542 4338 ···
640 4313 688 4335 ·-
779 4318 826 4339 ···
940 4322 985 4343 ..
1075 4288 1103 4390 p
