4517 5875
1458 368 1467 385 Ι

1292 452 1486 572 >4²⁶J(

682 803 686 811 ¹
742 706 925 818 quoniam
961 710 1084 825 piures
1116 711 1200 797 sunt
1230 694 1560 812 circumstantiae',
1589 732 1643 794 ex
1675 708 1806 819 quibus
1839 708 1902 799 ista
1920 710 2042 825 figura

744 838 989 926 determinata
1023 840 1159 951 potest.
1221 837 1273 919 In
1323 838 1393 920 hac
1447 834 1728 921 Dissertationa
1766 843 1909 951 duplex
1959 843 2047 925 finis·

741 971 1000 1073 proponitur,
1031 969 1126 1051 alter
1155 984 1201 1049 vt
1236 964 1329 1047 dum
1363 965 1494 1047 dentes
1528 965 1688 1049 duarum
1720 987 1890 1051 rotarum
1934 970 1974 1051 in
2004 969 2044 1053 so

741 1090 905 1176 inuicem
939 1113 1074 1202 agunt,
1108 1094 1209 1177 nulla
1238 1089 1379 1178 oriatur
1410 1090 1569 1197 frimo,
1602 1094 1660 1174 sed
1691 1094 1821 1178 dentes
1855 1103 1907 1180 ita
1944 1095 2043 1181 alter

739 1214 847 1326 super
877 1223 996 1303 altaro
1025 1221 1202 1306 incedant
1224 1282 1237 1330 ‚
1271 1220 1598 1328 quemadmodum
1617 1220 1776 1306 circulus
1793 1224 2046 1333 superpono

743 1346 851 1429 volui
884 1350 1137 1457 concipitur,
1168 1351 1262 1432 dum
1300 1348 1514 1452 cycloidrm
1542 1346 1733 1431 describit.
1808 1351 1920 1435 Alter
1956 1350 2046 1432 finis

743 1492 873 1556 autem
908 1477 1141 1564 retendit,
1170 1494 1216 1555 vt
1246 1477 1340 1555 dum
1373 1473 1494 1556 altera
1545 1495 1630 1557 rota
1678 1478 1922 1560 uniformiter
1966 1485 2047 1561 cir·

743 1600 1029 1705 cumuoluitur,
1062 1602 1170 1685 alteri
1202 1619 1308 1683 rotae
1341 1598 1458 1682 etiam
1495 1620 1623 1681 motus
1654 1602 1856 1686 uniformis
1905 1606 2046 1713 impri-

747 1745 886 1809 matur.
950 1728 1094 1843 Quodsr
1125 1728 1197 1812 has
1222 1728 1354 1812 ambas
1385 1727 1626 1809 conditiones
1655 1729 1763 1813 fimul
1794 1728 1956 1839 implere
1987 1730 2047 1813 li·

744 1874 876 1958 reret,
913 1856 1052 1939 nudum
1085 1857 1139 1939 est
1171 1856 1361 1960 dubium,
1394 1856 1487 1962 quin
1520 1858 1749 1938 radentium
1774 1848 1924 1966 figura,
1946 1884 2048 1968 quae

746 1978 824 2063 hoc
858 1984 1082 2092 praedaret,
1113 1982 1202 2067 effer
1245 1980 1523 2092 persediffima.
1611 1984 1784 2067 Maximi
1833 1986 1939 2067 enim
1988 1986 2050 2069 est

585 2098 609 2138 ²
748 2110 949 2211 momenti!
977 2108 1149 2195 attritum
1183 2113 1223 2193 in
1273 2127 1415 2216 mutua
1449 2109 1622 2192 dentium
1670 2110 1821 2194 amone
1871 2130 2048 2214 emtore,

748 2224 1058 2347 quandoquidem
1089 2238 1168 2321 hoc
1199 2240 1322 2321 modo
1354 2235 1534 2320 Machina
1567 2236 1767 2321 diutiffime
1800 2239 1839 2321 iu
1872 2241 1964 2323 statu
1981 2240 2054 2324 suo

748 2362 958 2449 conseruari
994 2368 1126 2476 podet.
1196 2364 1306 2449 Haud
1354 2366 1519 2448 minoris
1563 2384 1695 2448 autem
1723 2364 1802 2449 ost
1847 2367 2047 2450 momenti

748 2492 865 2577 altera
897 2497 1101 2599 conditio,
1135 2496 1319 2603 quoniam
1351 2495 1392 2575 in
1426 2490 1607 2575 omnibus
1656 2490 1850 2576 Mathiuis
1899 2494 2046 2577 misor·

748 2621 859 2703 miras
892 2642 1020 2705 motus
1072 2621 1235 2704 multum
1283 2620 1332 2703 ad
1382 2619 1561 2702 effeuum
1611 2619 1829 2727 augendum
1881 2624 2046 2705 confert.

747 2744 923 2828 Ostendit
954 2768 1085 2829 autem
1120 2748 1269 2829 Auctor
1301 2770 1383 2825 non
1417 2745 1537 2826 solum
1568 2748 1717 2853 utrique
1747 2743 1962 2829 conditioni
1995 2748 2044 2832 fi-

746 2874 831 2956 mo}
862 2873 1023 2956 satisfieri
1057 2898 1134 2954 non
1166 2872 1296 2979 poda,
1327 2868 1389 2954 sed
1421 2871 1537 2953 etiam
1573 2871 1744 2979 priorem
1776 2869 1891 2955 solam
1932 2873 2045 2959 nullo

749 3003 875 3084 modo
904 2999 1056 3106 impleri
1089 3001 1206 3110 podo.
1272 2993 1375 3081 Cum
1407 2998 1518 3106 igitur
1549 2998 1723 3082 dentium
1757 3000 1906 3082 attritus
1946 3006 2042 3088 eiua·

746 3131 856 3210 modi
890 3132 934 3212 fit
965 3129 1295 3230 Incommodum,
1343 3127 1446 3234 quod
1496 3125 1664 3233 effugere
1709 3129 1875 3209 minime
1923 3129 2043 3235 licet,

746 3256 901 3366 Ardor
929 3255 1207 3365 ioquisrtiooem
1240 3253 1344 3337 suam
1378 3253 1425 3335 ud
1456 3253 1576 3335 dolam
1592 3253 1747 3336 alteram
1773 3254 2045 3341 conditionem

747 3381 911 3491 dirigit,
942 3407 986 3465 ac
1017 3383 1149 3466 dentes
1180 3384 1233 3464 ita
1261 3380 1429 3463 domare
1463 3379 1578 3462 docet
1612 3444 1626 3485 ,
1676 3399 1753 3484 vt,
1785 3385 1878 3464 dum
1911 3405 2047 3467 motus

751 3530 856 3591 rotae
890 3508 1120 3618 impelle-ntia
1151 3511 1203 3591 ed
1245 3507 1477 3613 uniformis,
1527 3528 1658 3591 motus
1690 3509 1805 3591 etiam
1842 3511 2048 3618 propulsae

745 3633 814 3720 fut
849 3637 1057 3726 uniformis.
1135 3637 1245 3720 Haec
1299 3654 1427 3720 autem
1478 3635 1594 3716 nimis
1642 3634 1814 3718 videmur
1858 3638 2006 3722 dubtdia
2025 3697 2076 3747 ,.

744 3789 859 3876 quum
893 3784 936 3848 rt
965 3767 1005 3848 in
1039 3766 1149 3876 praxi
1180 3766 1267 3848 rsus·
1294 3762 1389 3854 iude
1419 3761 1620 3872 expectari
1648 3761 1776 3871 poffit„
