4517 5875
30 1916 32 2039 l

770 474 804 596 ll
837 473 962 593 ²all

555 722 601 847 r
641 728 700 851 n
741 726 801 847 r
842 726 894 871 s,
930 724 953 849 1
994 719 1049 841 c
1096 723 1176 845 A.

550 994 560 1019 .
845 916 885 1113 L·
1019 1126 1022 1135 Ι
1632 1173 1637 1182 q

221 1211 605 1377 Alkekengi‚
671 1213 874 1377 calyce
926 1208 1213 1378 profunde
1283 1206 1509 1369 diuisi),
1572 1195 1576 1205 ¹

669 1379 858 1506 frutbu
891 1380 1054 1508 slCCO.
1291 1404 1374 1489 .'
1615 1448 1618 1453 ·

350 1642 354 1647 ,
582 1686 584 1693 y
849 1622 902 1711 H·
1484 1641 1488 1648 .

217 1810 500 1979 Thlaspi‚
552 1810 768 1935 filiculis
818 1809 1130 1977 ellipticis,
1194 1806 1341 1932 foliis
1392 1812 1510 1933 lan·
1567 1832 1573 1843 ’

338 1982 930 2129 ceolato-linearibuS,
975 1984 1374 2149 integerrimis.
1480 2061 1485 2071 -

192 2218 385 2353 'Aust
408 2218 650 2390 lo.-Chr.
675 2217 1054 2343 Hebenstreit.
1077 2260 1137 2387 p.
1160 2258 1279 2383 319.
1304 2236 1367 2336 et
1390 2258 1508 2369 330.
1637 2301 1640 2305 ι

94 2732 100 2750 ⁴
214 2534 410 2813 Cum
443 2638 523 2698 non
552 2612 699 2721 semper
730 2630 769 2697 et
807 2612 949 2724 ibique
997 2584 1145 2699 occasio
1194 2610 1240 2696 fit
1288 2604 1512 2713 Botanicis,

373 2762 483 2821 nouas
513 2742 552 2821 in
585 2740 756 2823 medium
789 2739 972 2845 prosette·
987 2741 1164 2853 plantas,
1193 2737 1414 2843 illarumque
1444 2734 1509 2815 de

207 2864 412 2972 scriptione
445 2888 526 2946 rem
558 2862 770 2946 herbariam
804 2863 1017 2950 auctiorem
1050 2863 1235 2949 reddere:
1270 2861 1325 2945 illi
1357 2882 1509 2971 quoque

209 2991 353 3074 officio
382 2993 448 3074 liro
478 2989 560 3074 satis
590 2986 717 3094 fecisse
748 2991 922 3076 censendi
952 2991 1068 3100 sunt,
1096 2993 1163 3102 qui
1191 2991 1338 3100 plantae
1364 2989 1412 3070 ab
1429 2988 1510 3071 aliis

208 3119 415 3229 descriptas
446 3121 583 3234 iterato
614 3118 787 3202 examini
818 3117 1032 3228 subiiciunt,
1063 3121 1159 3228 qui,
1190 3119 1291 3227 quod
1311 3119 1350 3199 in
1368 3116 1509 3225 priori·

210 3245 280 3330 bus
313 3245 622 3354 descriptionibus
649 3265 818 3330 erratum
848 3247 903 3330 ell
921 3307 932 3350 ,
953 3226 1172 3356 corrigunt,
1189 3237 1291 3354 quod
1310 3267 1506 3348 mancum,

210 3375 416 3482 supplent,
455 3375 518 3482 qni
554 3375 682 3455 icones
712 3374 758 3456 ad
806 3374 894 3458 viua
944 3372 1181 3483 exemplaria
1230 3371 1508 3458 emendatiores
1644 3378 1647 3385 “

207 3507 302 3584 dare
334 3501 551 3584 allaborant.
585 3499 674 3584 Hoc
705 3500 791 3606 est,
824 3498 927 3609 quod
959 3495 1021 3583 Cl.
1055 3500 1238 3605 Auctor,
1270 3498 1311 3582 in
1346 3519 1505 3610 Vtraque

209 3623 486 3733 Dissertatione
515 3625 626 3740 supra
656 3626 845 3746 allegata,
880 3628 1066 3738 praestare
1098 3644 1257 3714 conatus
1289 3625 1359 3710 est.
1481 3694 1484 3701 .

364 3884 412 3994 In
443 3886 562 3997 priori
593 3911 682 3970 cum
718 3870 912 3976 reorterio
943 3881 1013 3998 ipsi
1044 3913 1101 3972 res
1131 3877 1224 3992 etl,
1273 3880 1340 3993 qui
1389 3876 1503 3967 Arke-

213 4010 316 4122 tergi
348 4012 547 4122 plantm,
581 4016 738 4122 originis
770 4017 1056 4128 Americanae,
1096 4016 1137 4095 in
1186 4007 1506 4095 obseruationibus

30 4157 31 4228 l
216 4139 280 4222 suis
310 4140 500 4246 Phyfico·
522 4140 809 4226 Matltematico
829 4185 847 4204 ·
863 4140 1090 4246 Botanicis‚
1140 4140 1286 4255 primas
1317 4134 1503 4246 descripsit

30 4273 31 4288 ¹
216 4286 255 4347 et
285 4269 505 4354 delineatam
536 4270 654 4352 dedit.
718 4270 835 4354 Hunc
867 4269 993 4354 noster
1023 4269 1146 4353 rbitris
1174 4266 1334 4377 corrigit
1361 4281 1402 4347 et
1418 4267 1503 4373 sup·

213 4393 301 4500 pler.
351 4391 509 4504 Supplet
540 4400 690 4504 etiam,
720 4423 815 4508 quae
846 4395 909 4481 Ill.
943 4398 1134 4485 Linnaeus
1166 4396 1206 4478 in
1238 4386 1355 4504 Spec.
1376 4391 1498 4476 Plant.

220 4539 332 4630 ¹75³
388 4524 436 4606 de
466 4524 538 4611 hac
570 4526 698 4638 planta
725 4528 908 4632 dixerat,
940 4543 982 4616 et
1012 4523 1212 4635 Alkebogt'
1241 4517 1405 4634 proprio
1434 4512 1501 4598 suo
1559 4549 1562 4554 ·

824 4648 869 4735 D
900 4676 926 4732 2
1368 4645 1500 4755 generi
1662 4743 1668 4749 ,
1784 4678 1788 4688 ·
